3334 5192
244 2665 302 2707 10

246 3109 302 3150 15

222 4450 294 4493 :³0

2618 380 2695 439 21

356 492 762 561 sermoerat
823 492 893 552 in
937 491 1044 552 lib.
1086 491 1276 569 XIV0,
1318 494 1386 554 et
1426 492 1485 555 si
1524 495 1842 557 Varronis
1887 496 2089 558 verba
2129 518 2165 553 «
2206 496 2351 574 plus
2408 491 2598 559 mille'
2628 500 2698 561 et

360 588 620 651 centum
663 604 986 650 annorum
1027 590 1126 655 est
1166 610 1203 646 »
1245 591 1306 650 ei
1330 590 1498 653 libro
1516 592 1754 677 ‘referri
1783 595 2054 671 possunt
2078 597 2185 673 qui
2216 596 2367 660 erat
2406 597 2483 658 de
2514 613 2695 670 aev0,

361 686 458 751 nil
499 686 689 750 vetat
729 688 1072 764 quominus
1111 686 1274 749 haec
1323 689 1402 749 ad
1464 689 1701 752 librum
1758 695 1912 754 XIX
1974 693 2416 767 amandemus3
2478 694 2588 771 qui
2629 695 2697 757 et

361 784 532 846 idem
581 800 658 846 ac
698 786 908 847 XVIII
946 774 1176 849 haberi
1204 787 1432 864 potest,
1463 788 1519 848 si
1547 788 1785 850 librum
1815 791 2218 868 singularem
2244 792 2475 854 ceteris
2503 808 2694 870 prae-

359 883 654 960 missum,
685 883 857 946 utin
886 884 996 947 cit.
1026 885 1143 946 loc.
1171 886 1519 961 Augustini
1549 890 2071 967 memoravimus
2101 893 2430 952 numerice
2463 892 2695 953 addere

360 980 685 1054 nolumus;
727 983 890 1059 quod
930 982 1356 1061 probabiliter
1395 983 1558 1047 fecit
1595 985 1858 1047 Gellius.

352 1158 361 1165 ’
423 1175 456 1224 2
488 1178 698 1227 Rerum
728 1178 1117 1229 hwmanarwm
1149 1178 1319 1245 Lugd.
1351 1185 1402 1228 et
1433 1185 1553 1229 vett.
1585 1179 1706 1230 edd.

1479 1515 1579 1594 V.

1216 1731 1221 1737 ,
1315 1671 1390 1742 (Ι.
1417 1673 1478 1730 6.
1515 1676 1545 1730 7
1584 1673 1738 1743 sqq.)

427 1863 464 1905 «
499 1848 704 1904 Tullus
737 1846 1040 1918 Hostilius,
1065 1860 1174 1905 rex
1198 1849 1594 1905 Romanorum
1619 1850 1848 1921 tertiuS,
1874 1849 2176 1908 debellatis
2199 1850 2467 1908 Etruscis
2487 1850 2694 1909 sellam

354 1937 618 1994 curulem
652 1937 1000 2007 lictoresque
1034 1937 1097 1992 et
1132 1936 1337 2007 togam
1371 1938 1590 2007 pictam
1627 1939 1802 2008 atque
1846 1939 2238 2009 praetextam,
2262 1952 2408 2008 quae
2444 1936 2693 2010 insignia

358 2025 813 2096 magistratuum
865 2026 1249 2083 Etruscorum
1309 2027 1496 2095 erant,
1544 2027 1773 2097 primus
1819 2027 1888 2084 ut
1934 2029 2152 2084 Romae
2198 2026 2556 2083 haberentur
2584 2028 2692 2089 ‚in-

358 2115 573 2172 stituit.
617 2115 717 2171 sed
750 2115 1119 2186 praetextam
1154 2112 1258 2171 illo
1298 2113 1529 2172 saeculo
1565 2116 1808 2187 puerilis
1844 2132 1957 2173 non
1993 2116 2317 2188 usurpabat
2352 2118 2535 2172 aetas:
2560 2117 2694 2173 erat

357 2205 510 2260 enim
546 2205 615 2261 ut
649 2205 861 2275 cetera,
899 2218 1046 2274 quae
1081 2207 1439 2273 enumeravi,
1476 2205 1716 2263 honoris
1751 2205 2002 2263 habitus.
2060 2207 2162 2264 sed
2196 2208 2405 2278 postea
2441 2207 2693 2276 Tarqui-

356 2294 503 2365 niuS,
537 2295 836 2351 Demarati
889 2295 1075 2352 exulis
1111 2295 1396 2352 Corinthii
1432 2294 1609 2367 filius,
1647 2297 1885 2353 Priscus
1920 2311 2091 2367 quem
2140 2298 2375 2368 quidam
2412 2300 2695 2356 Lucumo-

354 2398 486 2439 nem
521 2385 845 2440 vocitatum
899 2383 1111 2452 ferunt,
1149 2399 1256 2440 rex
1292 2384 1509 2441 tertius
1557 2385 1632 2443 ab
1667 2386 1937 2456 Hostilio,
1973 2387 2205 2456 quintus
2240 2403 2279 2444 a
2313 2388 2584 2459 Romulo,
2623 2388 2695 2445 de

354 2473 579 2530 Sabinis
625 2474 748 2544 egit
783 2474 1165 2545 triumphum.
1204 2488 1317 2542 quo
1355 2473 1505 2529 bello
1553 2474 1739 2530 filium
1789 2490 1956 2531 suum
2009 2490 2190 2532 annos
2226 2477 2695 2548 quattuordecim

353 2568 556 2620 natum
609 2563 761 2632 quod
811 2563 1045 2620 hostem
1101 2578 1275 2619 manu
1327 2564 1719 2635 percusserat,
1774 2564 1836 2620 et
1886 2578 1996 2635 pro
2033 2565 2297 2623 contione
2334 2564 2600 2622 laudavit
2634 2568 2695 2623 et

354 2652 511 2708 bulla
545 2666 692 2708 aura
727 2652 1147 2722 praetextaque
1183 2652 1441 2723 donavit,
1465 2652 1783 2723 insigniens
1804 2667 2050 2724 puerum
2086 2654 2247 2710 ultra
2269 2669 2449 2711 annos
2480 2654 2696 2711 fortem

355 2741 632 2809 praemiis
666 2740 977 2797 virilitatis
1011 2747 1074 2796 et
1109 2740 1362 2796 honoris.
1403 2755 1543 2796 nam
1569 2741 1722 2797 sicut
1743 2741 2053 2811 praetexta
2087 2740 2697 2813 magistratuumstta

360 2828 515 2884 bulla
550 2829 845 2898 gestamen
882 2829 1016 2884 erat
1051 2828 1561 2899 triumphantium,
1599 2843 1776 2898 quam
1811 2830 1871 2886 in
1905 2829 2202 2900 triumpho
2243 2844 2387 2901 prae
2426 2845 2488 2887 se
2523 2846 2696 2903 gere-

359 2918 498 2974 bant
532 2917 768 2974 inclusis
802 2919 962 2975 intra
1016 2933 1147 2974 eam
1200 2918 1481 2974 remediis
1527 2934 1676 2995 quae
1726 2920 2031 2976 crederent
2082 2920 2367 2978 adversus
2412 2921 2694 2980 invidiam

359 3006 776 3063 valentissima.
820 3008 949 3063 hinc
985 3007 1265 3063 deductus
1301 3022 1431 3063 mos
1468 3008 1537 3064 ut
1586 3008 1899 3078 praetexta
1953 3009 2014 3064 et
2048 3008 2206 3065 bulla
2241 3011 2303 3065 in
2339 3024 2509 3066 usum
2543 3026 2695 3082 pue-

354 3110 561 3152 rorum
599 3095 875 3152 nobilium
910 3095 1337 3166 usurparentur
1381 3095 1457 3152 ad
1510 3111 1679 3153 omen
1724 3113 1794 3153 ac
1842 3098 1983 3154 vota
2028 3098 2416 3155 conciliandae
2454 3099 2696 3158 virtutis

354 3185 406 3239 ei
445 3185 658 3241 similis
693 3185 786 3240 cui
819 3185 1028 3256 primis
1064 3186 1123 3242 in
1159 3185 1324 3242 annis
1363 3199 1608 3241 munera
1643 3186 1763 3243 ista
1797 3188 2112 3244 cesserunt.
2155 3188 2269 3245 Alii
2304 3189 2517 3259 putant
2550 3204 2695 3247 eun-

353 3275 487 3330 dem
524 3275 788 3331 Priscum
825 3289 958 3330 cum
997 3275 1219 3331 statum
1255 3275 1467 3331 civium
1506 3275 1771 3342 sollertia
1804 3277 2034 3348 providi
2069 3277 2349 3349 principis
2374 3278 2694 3349 ordinaret,

350 3366 573 3422 cultum
609 3379 832 3435 quoque
866 3365 1242 3435 ingenuorum
1280 3380 1595 3436 puerorum
1620 3366 1774 3423 inter
1798 3366 2108 3437 praecipua
2133 3366 2365 3423 duxisse
2400 3367 2695 3425 instituis-

352 3469 521 3524 seque
557 3455 626 3511 ut
658 3454 896 3525 patricii
933 3453 1093 3510 bulla
1127 3468 1305 3509 aurea
1352 3469 1482 3510 cum
1529 3455 1671 3525 toga
1724 3457 1817 3512 cui
1864 3470 2125 3527 purpura
2160 3457 2528 3528 praetexitur
2564 3458 2693 3515 ute-

350 3542 575 3613 rentur,
612 3541 922 3599 dumtaxat
955 3541 1042 3596 illi
1079 3554 1322 3611 quorum
1367 3545 1570 3613 patres
1618 3544 1880 3601 curulem
1916 3546 2222 3615 gesserant
2256 3532 2692 3616 magistratum:

349 3630 560 3687 ceteris
595 3631 794 3687 autem
839 3630 907 3688 ut
959 3630 1271 3700 praetexta
1305 3630 1538 3687 tantum
1575 3631 1884 3689 uterentur
1919 3632 2225 3706 indultum,
2265 3633 2367 3690 sed
2404 3649 2583 3705 usque
2617 3634 2694 3691 ad

351 3734 453 3776 eos
487 3734 730 3789 quorum
765 3720 1040 3792 parentes
1081 3735 1223 3790 equo
1275 3720 1563 3790 stipendia
1610 3720 1767 3777 iusta
1802 3722 2168 3778 meruissent.
2225 3722 2513 3778 libertinis
2551 3736 2691 3778 vero

351 3808 509 3864 nullo
546 3808 673 3865 iure
696 3809 784 3865 uti
807 3810 1136 3880 praetextis
1173 3808 1384 3864 licebat
1407 3823 1476 3864 ac
1500 3809 1687 3866 multo
1712 3810 1903 3867 minus
1925 3810 2270 3881 peregrinis,
2308 3811 2512 3880 quibus
2537 3810 2694 3867 nulla

350 3898 511 3955 esset
544 3912 677 3952 cum
711 3899 988 3954 Romanis
1034 3897 1416 3954 necessitudo.

420 3984 752 4043 vetustatis
786 3988 1132 4058 peritissimi
1168 3987 1427 4042 referunt
1463 3986 1522 4042 in
1567 3988 1743 4059 raptu
1799 3986 2140 4045 Sabinarum
2176 4004 2351 4045 unam
2388 3989 2695 4045 mulierem

348 4077 580 4132 nomine
617 4076 947 4143 Hersiliam,
985 4077 1123 4133 dum
1159 4076 1443 4133 adhaeret
1476 4075 1652 4147 filiae,
1692 4078 1866 4133 simul
1901 4078 2154 4149 raptam:
2192 4093 2362 4147 quam
2401 4093 2535 4134 cum
2570 4079 2694 4134 Ro-

347 4165 544 4221 mulus
591 4165 777 4221 Hosto
823 4166 1054 4223 cuidam
1108 4180 1183 4222 ex
1233 4180 1383 4236 agro
1439 4166 1642 4223 Latino
1697 4167 1794 4237 qui
1830 4168 1891 4223 in
1930 4168 2159 4238 asylum
2194 4168 2319 4225 eius
2351 4167 2696 4239 confugerat

347 4253 575 4310 virtute
610 4253 914 4323 conspicuo
939 4269 1184 4311 uxorem
1221 4254 1497 4325 dedisset,
1523 4254 1730 4312 natum
1765 4270 1840 4313 ex
1858 4269 1927 4312 ea
1950 4270 2218 4328 puerum,
2242 4258 2698 4326 antequam-alia

345 4344 469 4400 ulla
506 4341 850 4399 Sabinarum
886 4344 1126 4416 partum
1159 4345 1380 4402 ederet:
1418 4359 1572 4415 eum,
1608 4344 1761 4414 quod
1783 4345 2010 4416 primus
2032 4346 2189 4402 esset
2214 4345 2273 4402 in
2307 4345 2533 4403 hostico
2550 4361 2698 4425 pro·-

346 4434 600 4504 creatus,
652 4434 900 4489 Hostum
948 4434 1261 4491 Hostilium
1295 4449 1333 4491 a
1380 4435 1574 4491 matre
1613 4435 1937 4492 vocitatum
1983 4436 2045 4493 et
2078 4436 2321 4494 eundem
2362 4452 2400 4494 a
2447 4438 2696 4519 Romulo

2750 3009 2826 3065 10

2747 3189 2820 3244 11

2746 3635 2822 3690 12

2750 3990 2828 4046 16
