3334 5192
612 415 696 483 ὅ

613 529 764 589 edm:
799 529 1009 594 repuli-5
1030 529 1091 581 P:
1116 533 1342 597 quidem
1371 534 1754 584 Romanunm
1784 533 1829 589 P
1849 534 1873 600 ῃ
1895 533 1956 583 14
1982 548 2172 598 ,qecmn
2200 534 2303 599 P‘fl
2325 534 2387 584 15
2403 550 2608 586 vet-mu
2640 536 2686 585 P
2708 536 2730 601 fl
2752 536 2812 585 17
2833 552 2949 588 nu-

613 608 783 763 Q)
788 608 890 747 gp
888 691 941 739 P
971 620 1288 677 conteyatur
1318 612 1377 662 P'
1397 612 1419 676 ΙΙ
1441 612 1502 663 18
1533 622 1748 667 caetera
1777 613 1943 679 Lugd.
1994 621 2046 664 et
2075 620 2198 667 vett.
2234 615 2352 665 edd.
2375 612 2479 681 1121
2522 606 2944 676 ANTeOTS-

1674 986 1885 1064 XIX.

1602 1141 1684 1211 (ι.
1723 1142 1820 1199 12.
1860 1141 1957 1213 19)

684 1335 726 1381 ⁴(
759 1319 1118 1383 contendunt
1152 1319 1251 1379 alii
1287 1319 1503 1377 Maiam
1538 1319 1812 1377 Mercurii
1849 1319 2106 1376 matrem
2141 1322 2327 1377 mensi
2363 1319 2564 1389 (Maio)
2606 1335 2811 1378 nomen
2844 1321 2945 1379 de-
3000 1320 3086 1377 19

616 1407 791 1479 disse,
826 1408 959 1467 hinc
992 1409 1247 1466 maxime
1265 1407 1582 1480 probantes
1603 1409 1756 1479 quod
1779 1409 1888 1469 hoc
1911 1423 2107 1469 mense
2134 1410 2493 1469 mercatores
2524 1422 2726 1466 omnes
2757 1410 2947 1471 Maiae

615 1499 842 1571 pariter
875 1499 1274 1569 Mercurioque
1318 1498 1663 1578 sacrificant.
1700 1518 1736 1553 »

695 1719 787 1777 De
827 1716 1071 1778 mensis
1098 1717 1258 1778 Maii
1289 1717 1551 1779 nomine
1582 1715 1775 1793 atque
1801 1715 2054 1792 origine
2080 1716 2381 1778 diversae
2407 1714 2677 1777 fuerunt
2703 1717 2947 1778 Roma-

617 1828 847 1878 norum
875 1815 1277 1878 eruditorum
1306 1815 1688 1889 sententiae,
1720 1830 1883 1893 quas
1910 1814 2281 1877 Macrobius
2314 1814 2397 1877 ab
2425 1815 2577 1877 aliis
2605 1819 2949 1892 congestas

617 1913 1054 1991 transcripsit.
1102 1915 1284 1974 Duae
1348 1915 1566 1977 autem
1624 1914 1821 1977 erant
1879 1913 2291 1991 praecipuae:
2357 1912 2571 1976 altera
2610 1913 2863 1974 Maium
2909 1929 2948 1974 a

617 2011 972 2073 maioribus
1010 2011 1255 2074 dictum
1293 2011 1579 2087 tenebat,
1625 2010 1838 2074 altera
1874 2024 2031 2073 vero
2071 2026 2114 2072 a
2153 2011 2353 2073 Maia.
2397 2013 2487 2073 De
2515 2011 2655 2090 illa,
2685 2009 2950 2088 praeter

616 2109 1017 2175 Macrobium
1035 2110 1146 2187 qui
1166 2109 1470 2170 Fulvium
1498 2108 1892 2171 Nobiliorem
1923 2106 2185 2186 allegat,
2214 2109 2663 2172 testimonium
2694 2108 2949 2171 faciunt

615 2208 880 2272 Ovidius
920 2208 1098 2270 Fast.
1151 2209 1224 2268 V.
1278 2206 1414 2281 327,
1459 2208 1791 2270 Plutarch.
1845 2208 2032 2269 Num.
2079 2207 2200 2268 loc.
2240 2207 2372 2280 cit„
2413 2205 2561 2268 Isid.
2611 2207 2785 2283 orig.
2831 2206 2948 2269 loc.

616 2305 748 2377 cit„
790 2320 911 2366 nec
948 2320 1080 2367 non
1118 2305 1189 2367 et
1227 2304 1363 2382 ipse
1419 2307 1630 2367 Varro
1668 2306 1778 2383 qui
1839 2305 1911 2366 in
1950 2307 2021 2365 L.
2062 2305 2134 2366 L.
2176 2305 2294 2367 loc.
2337 2305 2467 2376 cit,
2531 2305 2698 2367 haec
2740 2303 2951 2366 notat:

619 2424 654 2461 «
697 2403 957 2465 Tertius
999 2401 1296 2482 (mensis)
1340 2420 1382 2464 a
1420 2402 1775 2464 maioribus
1815 2403 2034 2465 Maius
2073 2423 2129 2464 ι».
2177 2401 2303 2463 Sed
2328 2402 2400 2463 in
2428 2400 2950 2479 Antiquitatibus

620 2519 662 2565 a
699 2503 882 2563 Maia
920 2503 1132 2580 potius
1172 2518 1366 2579 quam
1410 2518 1452 2563 a
1498 2501 1851 2565 maioribus
1904 2502 2197 2563 docuisse
2244 2501 2400 2562 huic
2440 2500 2649 2561 mensi
2713 2513 2951 2561 nomen

616 2599 895 2663 inditum
936 2598 1140 2663 refert
1192 2600 1582 2662 Censorinus
1637 2600 1755 2661 loc.
1797 2599 1907 2661 cit.
1961 2599 2067 2661 his
2121 2599 2357 2660 verbis:
2421 2618 2457 2655 «
2501 2599 2754 2659 Maium
2793 2612 2953 2659 vero

617 2712 747 2759 non
791 2714 832 2759 a
871 2698 1225 2760 maioribus
1261 2699 1372 2760 sed
1417 2714 1458 2759 a
1497 2699 1679 2760 Maia
1717 2712 1954 2759 nomen
1997 2698 2338 2773 accepisse,
2384 2696 2553 2773 quod
2598 2712 2677 2757 eo
2727 2709 2950 2757 mense

615 2796 755 2858 tam
795 2800 1044 2858 Romae
1082 2813 1279 2875 quam
1325 2798 1520 2860 antea
1560 2797 1632 2859 in
1674 2795 1866 2859 Latio
1892 2813 1999 2858 res
2033 2797 2261 2858 divina
2283 2796 2502 2858 Maiae
2529 2795 2649 2860 flat
2675 2796 2745 2859 et
2782 2799 2955 2858 Mer-

617 2895 801 2956 curio
842 2914 897 2956 ».
940 2895 1220 2974 Idipsum
1263 2910 1420 2972 prae
1485 2895 1628 2956 aliis
1691 2894 1912 2957 monet
1971 2896 2366 2958 Laurentius
2429 2896 2646 2974 Lydus
2705 2896 2809 2958 IV.
2851 2895 2951 2974 53,

618 2991 729 3053 ubi
769 2992 1010 3057 Maiam
1051 2994 1324 3056 eandem
1366 2993 1813 3056 existimatam
1857 3009 1995 3056 esse
2049 3009 2129 3056 ac
2190 2996 2462 3056 Terram
2517 2992 2615 3056 sic
2656 2993 2959 3057 animad-

617 3093 847 3155 vertit:
890 3113 926 3150 ‹
970 3094 1208 3173 τιμῶσιν
1246 3078 1338 3150 οὖν
1380 3092 1540 3150 κατὰ
1577 3094 1775 3150 τοῦτον
1816 3091 1939 3169 (τὸν
1994 3082 2227 3169 Μάίὃν)
2270 3091 2375 3158 τὴν
2415 3092 2652 3161 Μαῖαν,
2691 3089 2952 3152 τουτὲστι

617 3191 722 3259 τὴν
751 3192 887 3261 Γῆν,
926 3188 1321 3265 θεραπεῦοντες
1364 3212 1416 3249 ».
1442 3194 1534 3253 De
1572 3192 1988 3253 Varroniano
2026 3190 2508 3269 Antiquitatum
2536 3191 2701 3254 libro
2728 3192 2802 3253 in
2827 3207 2956 3268 quo

616 3289 788 3357 talia
826 3291 904 3351 de
944 3291 1122 3354 Maio
1163 3290 1679 3354 adfirmabantur
1717 3291 1864 3352 vide
1906 3291 2116 3352 locum
2166 3290 2677 3367 praecedentem.

684 3471 727 3531 3,
749 3487 1053 3538 mercuroq.
1089 3462 1165 3524 P':
1201 3475 1593 3540 sacrificabam
1621 3472 1787 3540 aliqq.
1817 3472 1967 3525 MSS.
1999 3481 2055 3532 et
2082 3474 2202 3530 edd.

1701 3799 1878 3878 XX.

1538 3955 1620 4029 (1.
1663 3955 1763 4013 12.
1802 3955 1876 4013 22
1915 3952 2034 4026 su.)

688 4150 727 4191 ‹
761 4135 913 4191 Haec
948 4133 1183 4207 (Fauna)
1218 4133 1371 4206 apud
1394 4134 1667 4204 Graecos,
1705 4129 1739 4202 ἡ
1776 4132 1904 4199 θεὸς
1942 4128 2250 4203 γυναικεία
2285 4130 2517 4200 dicitur,
2556 4144 2730 4202 quam
2763 4131 2956 4188 Varro
3005 4140 3085 4199 27

619 4226 794 4291 Fauni
836 4225 1015 4282 filiam
1052 4224 1241 4285 tradit
1265 4224 1410 4285 adeo
1446 4223 1716 4295 pudicam
1756 4223 1824 4283 ut
1856 4224 2030 4280 extra
2065 4224 2474 4291 γυναικωνῖτιν
2525 4235 2839 4291 numquam
2876 4220 2956 4277 sit

620 4328 858 4385 egressa
892 4328 995 4370 nec
1032 4329 1239 4377 nomeu
1270 4313 1397 4371 eius
1433 4314 1493 4370 in
1527 4313 1756 4385 publico
1793 4312 1970 4370 merit
2006 4312 2272 4371 auditum
2309 4327 2412 4369 nec
2446 4312 2644 4368 virum
2684 4324 2958 4381 umquam

624 4402 837 4460 viderit
871 4403 965 4458 vel
1002 4417 1040 4459 a
1077 4403 1207 4460 viro
1243 4402 1373 4461 visa
1409 4404 1509 4474 sit,
1546 4405 1790 4475 propter
1825 4401 1976 4473 quod
2011 4416 2114 4461 nec
2148 4402 2244 4458 vir
2280 4401 2563 4474 templum
2599 4402 2725 4458 eius
2760 4400 2958 4470 ingre-

536 4508 570 4552 5
622 4491 796 4549 ditur.
834 4493 983 4555 uude
1019 4492 1083 4551 et
1115 4492 1390 4551 mulieres
1426 4494 1484 4549 in
1507 4492 1674 4550 ltalia
1699 4506 1866 4553 sacro
1890 4491 2156 4550 Herculis
2178 4492 2452 4551 nonlicet
2473 4492 2776 4561 interesse,
2799 4487 2954 4559 quod
3004 4488 3086 4545 28
