3334 5192
240 2488 297 2528 lo

243 2906 293 2976 15⁸

2603 385 2683 445 43

347 502 574 564 tamen
611 502 766 579 puto
808 501 1153 564 universas
1193 502 1270 562 de
1310 504 1553 563 Iunone
1614 501 1948 578 opiniones
2010 502 2082 563 in
2135 503 2282 563 XVI
2342 505 2489 564 Rer.
2538 505 2680 565 Div.

352 600 672 673 retulisse,
716 599 825 661 ubi
868 601 946 662 de
985 601 1083 660 dis
1127 600 1406 661 selectis.

415 837 442 885 1
469 839 712 888 inicium
731 838 896 902 Lugd.
920 846 973 887 et
994 844 1114 888 vett.
1151 837 1268 887 edd.
1289 839 1311 902 ss
1332 837 1363 886 2
1397 838 1667 891 calendas
1690 837 2043 888 addixerunt
2064 835 2233 900 Lugd.
2256 842 2308 885 et
2338 842 2446 885 vett
2466 836 2586 887 edd.
2608 836 2682 903 113

352 934 477 968 aere
506 930 596 969 eat
626 919 686 969 P:
723 921 971 969 artemia
1007 920 1096 968 BP
1119 920 1191 984 114
1239 926 1720 982 nuncupaverwnt
1760 917 1927 982 Lugd.
1949 924 2019 965 et
2065 922 2188 966 vett.
2225 916 2357 966 edd:
2406 918 2683 980 epotomz'n

350 1000 489 1064 13115
528 1000 798 1050 Calendas
829 1000 996 1064 Lugd.
1033 1005 1085 1048 et
1116 1005 1235 1049 vett.
1267 999 1386 1048 edd.

1352 1341 1672 1419 XXVII.

1263 1500 1334 1570 (Ι.
1379 1499 1477 1555 15.
1514 1500 1586 1554 21
1626 1499 1777 1570 seq.)

342 1680 349 1691 '
422 1697 453 1730 «
491 1678 723 1748 Nuptiis
758 1676 1094 1747 copulandis
1130 1678 1416 1734 Kalendas
1452 1680 1657 1737 Nonas
1682 1678 1743 1735 et
1776 1677 1909 1734 Idus
1942 1678 2250 1749 religiosas
2286 1678 2343 1734 id
2383 1678 2475 1735 est
2523 1679 2686 1736 devi-
2739 1675 2811 1730 21

346 1767 556 1827 tandas
590 1766 950 1823 censuerunt.
978 1766 1038 1822 hi
1075 1766 1227 1823 enim
1263 1767 1389 1824 dies
1419 1768 1657 1838 praeter
1681 1770 1876 1825 Nonas
1899 1767 2094 1825 feriati
2120 1767 2273 1837 sunt,
2300 1767 2462 1825 feriis
2484 1769 2685 1827 autem
2843 1760 2852 1769 ’

346 1855 478 1927 νίκη,
515 1855 780 1924 cuiquam
818 1855 944 1911 fieri
979 1856 1271 1926 piaculare
1317 1857 1427 1925 est,
1469 1856 1599 1912 ideo
1645 1859 1785 1913 tunc
1819 1856 2084 1913 vitantur
2117 1857 2365 1928 nuptiae,
2386 1858 2445 1913 in
2479 1857 2688 1927 quibus

346 1944 440 2000 vis
474 1943 603 2000 fleri
638 1944 852 2015 virgini
886 1944 1135 2001 videtur.
1173 1944 1274 2001 sed
1311 1945 1581 2001 Verrium
1613 1946 1880 2002 Flaccum
1913 1946 2060 2002 iuris
2088 1945 2367 2016 pontificii
2392 1947 2684 2017 peritissi-

345 2047 506 2089 mum
523 2033 712 2089 dicere
732 2033 968 2089 solitum
988 2033 1167 2089 refert
1186 2035 1397 2103 Varro,
1417 2034 1551 2103 quia
1573 2034 1736 2090 feriis
1755 2035 1985 2105 tergere
2001 2037 2235 2090 veteres
2254 2035 2440 2090 fossas
2462 2035 2679 2105 liceret,

347 2138 528 2180 novas
563 2124 751 2180 facere
785 2124 875 2180 ius
912 2139 1023 2180 non
1059 2124 1235 2193 esset,
1274 2124 1404 2179 ideo
1442 2124 1630 2195 magis
1666 2123 1862 2180 viduis
1887 2138 2062 2193 quam
2085 2124 2412 2195 virginibus
2448 2124 2684 2181 idoneas

347 2227 475 2268 esse
515 2212 692 2269 ferias
727 2213 803 2270 ad
838 2212 1178 2269 nubendum.
1220 2212 1465 2270 subiciet
1499 2213 1727 2283 aliquis:
1778 2228 1883 2269 cur
1930 2228 2070 2283 ergo
2119 2213 2316 2284 Nouia,
2354 2214 2404 2270 si
2439 2214 2684 2271 feriatus
2736 2211 2816 2267 22

347 2301 469 2358 dies
510 2318 620 2358 non
672 2302 785 2373 est,
840 2302 1184 2372 prohibetur
1230 2302 1542 2359 celebritas
1590 2302 1965 2374 nuptiarum?
2010 2302 2180 2359 huius
2227 2317 2450 2372 quoque
2501 2304 2591 2359 rei
2625 2305 2684 2360 in

346 2392 552 2463 aperto
587 2406 763 2447 causa
797 2392 906 2448 est.
945 2406 1078 2448 nam
1115 2392 1250 2461 quia
1284 2393 1511 2462 primus
1544 2394 1882 2463 nuptiarum
1908 2393 2032 2448 dies
2069 2393 2448 2449 verecundiae
2484 2392 2682 2465 datur,

343 2480 628 2551 postridie
662 2482 859 2537 autem
896 2483 1138 2552 nuptam
1175 2481 1233 2537 in
1268 2482 1441 2539 domo
1483 2482 1595 2538 viri
1630 2482 1949 2539 dominium
1994 2482 2248 2553 incipere
2286 2483 2524 2554 oportet
2559 2482 2686 2539 adi-

344 2569 489 2640 pisci
522 2570 584 2626 et
617 2583 745 2627 rem
780 2569 968 2626 facere
1002 2570 1280 2640 divinam,
1329 2586 1531 2628 omnes
1568 2572 1770 2629 autem
1824 2572 2190 2642 postriduani
2237 2573 2361 2629 dies
2410 2586 2515 2627 seu
2548 2571 2685 2642 post

345 2659 630 2715 Kalendas
678 2658 804 2715 sive
856 2660 992 2729 post
1028 2661 1222 2716 Nonas
1252 2660 1464 2717 Idusve
1500 2675 1574 2717 ex
1608 2675 1792 2730 aequo
1828 2662 1949 2718 atri
1997 2663 2155 2732 sunt,
2203 2661 2333 2718 ideo
2381 2661 2445 2717 et
2491 2662 2686 2718 Nonas

345 2747 623 2804 inhabiles
659 2748 878 2818 nuptiis
914 2762 1042 2804 esse
1085 2749 1378 2815 dixerunt,
1427 2764 1498 2807 ne
1543 2750 1730 2820 nupta
1780 2752 1885 2807 aut
1933 2751 2171 2820 postero
2217 2750 2314 2807 die
2346 2748 2684 2809 libertatem

345 2837 750 2908 auspicaretur
785 2838 1052 2894 uxoriam
1089 2839 1194 2895 aut
1246 2839 1383 2895 atro
1435 2839 1776 2895 immolaret
1822 2854 1935 2908 quo
1984 2838 2144 2896 nefas
2187 2840 2280 2895 est
2329 2853 2498 2896 sacra
2531 2838 2684 2894 cele-

344 2925 528 2983 brari.
567 2940 605 2981 ι)

423 3163 522 3223 Ex
561 3160 700 3222 loco
740 3161 865 3223 isto
905 3161 1042 3237 Bip.
1085 3162 1178 3222 ed.
1222 3178 1278 3237 p.
1320 3159 1441 3218 372
1481 3177 1563 3223 ea
1606 3162 1828 3237 seligit
1862 3177 2028 3239 quae
2072 3162 2149 3223 de
2178 3163 2408 3224 Verrio
2450 3163 2685 3224 Flacco

342 3258 578 3320 Noster
622 3259 939 3330 adfirmat,
982 3259 1205 3320 cetera
1244 3275 1398 3320 vero
1438 3276 1570 3320 non
1626 3260 1929 3322 attendit.
1976 3262 2097 3322 Sed
2147 3277 2509 3338 perperam.
2561 3262 2682 3331 Qui

343 3357 516 3417 enim
560 3357 886 3433 quandam
931 3357 1363 3433 cognitionem
1411 3358 1679 3434 adeptus
1708 3358 1796 3418 sit
1835 3357 2300 3420 Macrobianae
2347 3361 2683 3421 versutiae

327 3454 661 3529 artificiis,
704 3456 934 3532 quibus
975 3457 1112 3534 ipse
1154 3456 1374 3517 utitur
1415 3458 1496 3516 ut
1537 3457 1760 3518 aliena
1796 3455 2111 3534 praebeat
2149 3457 2356 3519 veluti
2399 3476 2541 3536 sua,
2567 3459 2686 3518 mi-

341 3552 516 3613 nime
557 3553 934 3631 decipietur.
998 3555 1236 3615 Eadem
1283 3554 1505 3616 autem
1568 3554 1996 3631 impudentia,
2040 3571 2193 3631 qua,
2262 3556 2341 3616 ut
2380 3556 2680 3628 vidimus

343 3649 673 3713 Gellianas
714 3653 991 3729 paginas
1032 3652 1282 3713 tacitus
1320 3652 1683 3729 usurpavit,
1727 3653 1796 3712 et
1835 3653 1944 3713 hic
1994 3652 2211 3729 pergit
2243 3654 2324 3715 ad
2369 3654 2684 3714 Varronis

342 3747 704 3811 sententias
744 3750 867 3810 sibi
914 3750 1335 3826 adrogandaS‚
1392 3766 1784 3827 quamquam
1838 3766 1952 3811 eas
2006 3767 2138 3811 non
2199 3750 2280 3811 ab
2322 3752 2460 3828 ipso
2503 3751 2681 3812 fonte

342 3845 589 3918 haurit,
611 3848 721 3909 sed
742 3847 822 3908 ab
846 3847 996 3909 aliis
1023 3847 1277 3910 relatas
1300 3848 1713 3910 transcribit.
1743 3849 1849 3909 Ita
1876 3849 1947 3909 in
1970 3849 2290 3925 descripto
2318 3848 2456 3911 loco
2479 3864 2682 3909 causa

342 3960 464 4005 cur
503 3946 708 4008 etiam
748 3947 953 4009 Nonis
1005 3946 1424 4024 prohibeatur
1460 3947 1848 4024 nuptiarum
1908 3947 2263 4009 celebritas
2324 3963 2453 4008 non
2507 3947 2685 4008 esset

341 4043 592 4118 quidem
634 4044 760 4121 ipsi
798 4044 1131 4107 Macrobio
1190 4046 1438 4121 aperta,
1497 4045 1555 4106 si
1613 4045 1896 4122 scriptor
1960 4063 2002 4107 a
2060 4062 2186 4123 quo
2235 4046 2516 4122 sumpsit
2565 4062 2681 4107 no-

340 4138 571 4203 luisset
611 4157 759 4202 eam
806 4143 1074 4219 aperire.
1118 4143 1315 4220 Atqui
1357 4143 1639 4220 scriptor
1680 4143 1792 4204 ille
1832 4145 1942 4221 qui
1983 4144 2157 4205 talia
2196 4146 2471 4222 prodens
2519 4146 2684 4205 Var-

341 4256 563 4301 ronem
606 4239 843 4301 habuit
883 4257 1041 4317 prae
1096 4242 1301 4304 oculis
1342 4241 1507 4302 nihil
1550 4244 1806 4318 quidem
1867 4244 2263 4316 autumavit,
2293 4244 2460 4321 quod
2517 4245 2685 4305 eius-

340 4339 481 4400 dem
523 4338 840 4399 Varronis
870 4340 1279 4414 argumentis
1308 4340 1728 4417 comprobare
1761 4356 1891 4402 non
1919 4342 2278 4403 curaverit.
2321 4342 2679 4402 Praeterea

340 4437 741 4514 compertum
783 4438 885 4497 est
924 4438 1281 4523 Reatinum
1334 4438 1717 4516 scriptorem
1773 4440 2317 4502 ratiocinativam
2359 4438 2681 4501 scribendi
