3334 5192
650 367 737 429 54

646 484 913 558 giouibus
944 484 1189 554 mystice
1220 483 1498 554 imbutus,
1532 499 1649 540 uno
1682 482 1904 555 templo
1937 497 2009 540 ac
2043 481 2151 539 sub
2182 481 2385 540 eodan
2407 481 2564 540 tecto
2587 481 2824 539 numina
2847 494 2980 537 me-

648 573 1217 633 mmtaooninnxit.
1242 588 1284 627 ›

724 785 887 845 Cum
924 783 1294 845 Macrobius
1332 783 1496 844 haec
1533 782 1730 859 ponit,
1757 781 2084 859 quandam
2112 782 2542 859 suspicionem
2587 782 2661 842 in
2700 798 2816 843 nos
2842 782 2981 859 ini-

646 897 797 944 cere
834 882 1097 944 videtur
1119 881 1330 943 locum
1350 882 1549 944 istum
1579 897 1622 941 a
1640 882 1936 942 Varrone
1958 881 2161 942 fuisse
2182 897 2448 958 prorsus
2477 880 2786 952 alienum;
2811 896 2969 942 nam

644 995 779 1042 non
816 979 1003 1042 modo
1041 979 1236 1041 huius
1274 995 1511 1041 nomen
1548 994 1680 1041 non
1718 979 1981 1056 profert,
2023 980 2134 1043 sed
2175 979 2273 1040 ait
2309 979 2547 1042 contra
2599 1000 2636 1035 ε
2675 979 2799 1047 Qui
2839 979 2974 1041 sint

649 1078 876 1140 autem
914 1078 981 1139 di
1020 1079 1303 1140 Penates
1343 1078 1414 1138 in
1454 1077 1622 1140 libro
1661 1078 1917 1154 quidem
1946 1078 2308 1140 memorato
2336 1080 2547 1139 Varro
2585 1092 2720 1139 non
2757 1076 2978 1154 expri-

644 1177 787 1240 mit:
826 1177 939 1237 sed
976 1177 1088 1252 qui
1127 1176 1501 1252 diligentius
1546 1176 1792 1237 eruunt
1827 1177 2176 1239 veritatem
2213 1198 2251 1234 »
2299 1176 2421 1239 etc.
2460 1177 2545 1238 At
2603 1175 2978 1237 Macrobius

642 1274 753 1336 vel
789 1275 1060 1337 inscitia
1096 1274 1202 1335 vel
1239 1274 1602 1345 calliditate
1638 1275 1896 1343 locutus
1935 1277 2056 1338 est.
2094 1278 2409 1336 Docemur
2434 1275 2608 1336 enim
2635 1291 2722 1339 ex
2755 1276 2974 1350 Augu-

647 1373 823 1437 stino
860 1375 1221 1435 Varronem
1260 1374 1334 1434 in
1372 1375 1491 1434 XV
1529 1377 1680 1436 Rer.
1718 1374 1860 1435 Div.
1897 1374 1980 1435 de
2017 1373 2118 1435 dis
2157 1374 2429 1435 incertis
2468 1372 2970 1433 Samotbracum

645 1471 959 1549 mysteria
996 1487 1137 1532 esse
1177 1471 1700 1548 interpretatum,
1717 1472 2073 1548 eademque
2098 1471 2500 1548 praestitisse
2527 1470 2709 1532 circa
2747 1485 2971 1531 eorum

646 1570 1023 1646 religionem
1052 1570 1122 1630 in
1146 1572 1363 1630 Iovem
1381 1564 1695 1631 Iunonem
1719 1569 1787 1630 et
1813 1569 2198 1645 Minervam,
2226 1585 2394 1646 quae
2422 1569 2534 1630 hic
2559 1567 2976 1629 exhibentur.

645 1671 817 1731 Nam
856 1669 929 1730 in
968 1670 1105 1729 Civ.
1126 1669 1243 1729 Dei
1268 1670 1410 1728 VII.
1427 1665 1508 1724 28
1547 1667 1644 1727 sic
1669 1666 1946 1743 legimus
1972 1688 2009 1723 ε
2037 1669 2210 1729 Hinc
2234 1669 2436 1730 etiam
2465 1668 2969 1730 Samotbracum

643 1766 893 1829 nobilia
928 1766 1246 1843 mysteria
1284 1767 1355 1826 in
1394 1766 1728 1842 superiore
1764 1764 1930 1827 libro
1976 1763 2237 1844 (Varro)
2264 1766 2740 1843 interpretatur
2765 1786 2801 1822 »
2842 1767 2974 1827 etc.

642 1865 714 1927 et
747 1864 925 1925 infra
965 1886 1002 1921 ε
1052 1863 1315 1926 Caelum
1375 1865 1610 1938 Iovem,
1666 1864 1919 1925 terram
1978 1866 2306 1938 Iunonem,
2364 1864 2548 1925 ideas
2601 1864 2969 1925 Minervam

643 1962 726 2042 (V
729 1962 906 2042 arro)
944 1963 1088 2025 vult
1124 1962 1403 2038 intelligi
1443 2004 1711 2031 ......
1740 1962 1936 2023 Caelo
1975 1962 2150 2023 enim
2175 1962 2414 2024 tribuit
2440 1963 2758 2024 masculos
2798 1963 2970 2036 deoS,

641 2060 921 2122 feminas
959 2060 1199 2137 terrae,
1241 2061 1416 2123 inter
1445 2078 1607 2139 quas
1635 2061 1849 2137 posuit
1888 2062 2272 2134 Minervam,
2301 2077 2497 2138 quam
2525 2078 2726 2138 supra
2754 2062 2968 2138 ipsum

580 2233 585 2238 .
642 2158 898 2221 caelum
943 2159 1141 2221 antea
1158 2161 1466 2237 posuerat
1507 2182 1563 2220 2».
1602 2193 1686 2203 -—
1710 2159 2032 2221 Arnobius
2060 2144 2165 2221 ΪῘΪ.
2196 2159 2276 2221 40
2302 2161 2380 2221 de
2408 2160 2764 2223 Penatibus
2804 2161 2972 2221 baec

643 2259 881 2319 monet:
923 2278 958 2313 «
1000 2260 1136 2318 Nec
1175 2257 1521 2321 deruerunt
1557 2258 1667 2335 qui
1710 2258 2067 2320 scriberent
2110 2261 2326 2319 Iovem
2364 2260 2677 2321 Iunonem
2720 2275 2799 2319 ac
2841 2259 2975 2319 Mi—

644 2371 918 2415 nervam
957 2356 1108 2416 deos
1160 2356 1438 2417 Penates
1497 2357 1798 2434 existere,
1861 2357 2001 2417 sine
2060 2354 2293 2433 quibus
2351 2357 2576 2418 vivere
2620 2373 2699 2418 ac
2738 2373 2975 2434 sapere

645 2468 1060 2530 nequeamuS,
1104 2453 1215 2513 sed
1253 2454 1363 2530 qui
1400 2456 1659 2531 penitus
1699 2471 1817 2517 nos
1858 2456 2093 2532 regant
2138 2455 2397 2517 ratione
2456 2456 2674 2518 calore
2719 2474 2795 2518 ac
2835 2458 2975 2534 spi-

646 2550 782 2612 ritu
823 2567 878 2612 ».
918 2551 1077 2612 Tria
1113 2550 1277 2612 haec
1304 2553 1606 2628 numina,
1647 2569 1779 2614 uno
1805 2550 2041 2632 templo
2073 2573 2151 2617 ac
2178 2557 2300 2618 sub
2327 2557 2549 2618 eodem
2590 2556 2766 2619 tecto
2806 2572 2972 2617 con-

646 2648 872 2711 iuncta
911 2665 1050 2709 esse
1093 2648 1369 2711 tradunt
1426 2666 1664 2711 omnes.
1724 2652 1852 2712 Gfr.
1915 2654 2170 2730 Dionys.
2234 2655 2380 2715 Hal.
2443 2657 2519 2716 A.
2580 2658 2655 2717 R.
2712 2657 2824 2717 IV.
2866 2653 2970 2728 59,

644 2747 781 2809 Liv.
822 2750 928 2809 VI.
978 2746 1072 2822 16,
1111 2748 1363 2810 Vitruv.
1387 2751 1436 2808 Ι.
1466 2749 1523 2809 7.
1551 2750 1816 2810 Servius
1855 2753 2011 2812 Aen.
2036 2753 2142 2812 III.
2170 2751 2290 2810 134
2314 2753 2597 2814 eiusdem
2641 2755 2968 2815 Varronis

646 2846 1038 2908 auctoritate
1077 2845 1284 2908 fretus
1326 2847 1490 2908 haec
1530 2847 1717 2910 notat
1756 2867 1794 2908 «
1837 2852 2008 2909 Sane
2046 2851 2262 2912 Varro
2305 2853 2547 2911 Rerum
2587 2851 2965 2912 divinarum

643 2944 844 3006 refert
884 2944 1059 3006 inter
1099 2944 1395 3007 sacratas
1458 2960 1612 3006 aras
1664 2944 1834 3007 focos
1886 2962 2132 3023 quoque
2187 2948 2444 3008 sacrari
2497 2948 2723 3024 solere,
2778 2949 2855 3010 ut
2895 2949 2967 3009 in

645 3042 962 3119 Capitolio
1001 3043 1137 3102 Iovi
1174 3043 1408 3104 Iunoni
1447 3042 1785 3105 Minervae
1824 3059 1947 3105 nec
1985 3045 2200 3109 minus
2240 3046 2312 3106 in
2357 3045 2655 3122 plurimis
2695 3046 2970 3107 urbibus

645 3139 1030 3216 oppidisque.
1072 3155 1111 3198 >t
1150 3140 1274 3202 etc.

708 3269 735 3316 1
770 3278 1057 3331 quaerunt
1077 3269 1241 3334 Lugd.
1265 3276 1317 3319 et
1335 3270 1495 3335 aliqq.
1520 3271 1634 3322 edd.
1658 3271 1731 3335 112
1753 3274 2034 3321 rationem
2055 3288 2156 3322 om.
2180 3273 2236 3322 P'
2259 3274 2280 3337 ss
2301 3275 2332 3323 4
2352 3289 2423 3324 ex
2446 3285 2770 3338 aryumento
2795 3274 2966 3341 Lug-d.

646 3357 698 3399 et
725 3355 845 3398 vett.
891 3351 1006 3399 edd.
1029 3350 1104 3413 115
1140 3350 1474 3399 Demarathi
1508 3351 1674 3415 Lugd.
1714 3358 1766 3402 et
1805 3359 1928 3403 vett.
1965 3354 2101 3403 edd.:
2150 3355 2557 3405 Samothraoiis
2598 3355 2765 3420 Lugd.
2806 3364 2858 3406 et
2892 3356 2962 3405 al.
3091 3420 3100 3433 ⁶

645 3430 782 3481 edd.:
803 3431 877 3494 116
905 3432 1124 3480 mistice
1153 3431 1215 3481 P:
1251 3432 1435 3480 eadem
1465 3431 1521 3480 Β·
1542 3432 1617 3495 117
1647 3435 1945 3498 coniunyit
1974 3434 2138 3499 Lugd.
2172 3441 2226 3484 et
2255 3442 2375 3485 vett.
2413 3435 2530 3487 edd.

1685 3709 1921 3817 XLV,

1611 3854 1757 3926 (111.
1793 3857 1848 3913 c.
1891 3857 1987 3931 ιο)

712 4030 743 4065 ‹
781 4015 971 4070 Varro
1005 4012 1341 4071 Divinarum
1378 4013 1527 4070 libro
1563 4016 1773 4085 quarto
1819 4016 2107 4074 victorem
2148 4018 2453 4075 Herculem
2504 4017 2680 4090 putat
2714 4019 2953 4089 dictum,
3014 4026 3117 4083 lo

640 4103 791 4173 quod
825 4118 992 4158 omne
1027 4118 1205 4174 genus
1240 4103 1579 4160 animalium
1613 4103 1839 4162 vicerit.
1879 4122 1910 4156 »

719 4332 894 4394 Inest
913 4331 983 4393 in
1005 4331 1141 4409 Bip.
1175 4332 1267 4392 ed.
1299 4349 1357 4408 p.
1378 4329 1516 4392 218.
1543 4332 1671 4394 Ofr.
1700 4335 1877 4394 Serv.
1904 4336 2060 4394 Aen.
2082 4307 2239 4394 VIII.
2265 4330 2404 4410 270,
2432 4334 2541 4411 qui
2570 4334 2796 4397 eadem
2827 4333 2962 4395 fere

635 4426 840 4493 habet
875 4446 1042 4508 quae
1081 4431 1190 4493 hic
1231 4432 1556 4510 leguntur,
1597 4432 1721 4494 etsi
1763 4432 1942 4496 dicat
1979 4452 2017 4493 «
2057 4434 2222 4510 quod
2263 4450 2454 4497 omne
2481 4450 2694 4510 genus
2714 4435 2965 4517 anima-
