3334 5192
643 364 726 424 22

645 479 804 535 bulla
828 492 1006 535 aurea
1030 492 1099 534 ac
1120 477 1463 550 praetextae
1498 477 1816 549 insignibus
1852 477 2219 535 honoratum.
2244 478 2295 534 is
2321 478 2476 534 enim
2500 492 2633 534 cum
2672 477 2877 550 raptas
2912 478 2987 536 ad

647 567 1061 625 consolandum
1099 568 1384 637 vocasset,
1436 567 1814 639 spopondisse
1862 566 2151 624 ferturse
2200 566 2323 623 eius
2375 565 2577 623 infanti
2614 581 2759 636 quae
2795 567 2989 638 prima

652 657 762 715 sibi
797 659 984 714 civem
1019 659 1344 714 Romanum
1382 658 1538 714 esset
1585 657 1774 726 enixa,
1821 655 2070 714 inlustre
2104 671 2313 715 munus
2349 657 2642 714 daturum.
2684 660 2810 715 Non
2845 658 2987 739 nulli

647 747 894 805 credunt
937 747 1200 817 ingenuis
1247 747 1444 818 pueris
1491 746 1855 804 adtributum
1901 747 1965 803 ut
2013 747 2207 804 cordis
2245 747 2496 818 figuram
2542 749 2599 804 in
2649 747 2805 804 bulla
2852 750 2988 805 ante

648 837 851 909 pectus
887 836 1278 905 adnecterent,
1305 851 1476 906 quam
1502 836 1870 916 inspicientes
1896 836 1981 892 ita
2004 835 2238 895 demum
2266 851 2327 893 se
2353 836 2613 894 homines
2637 838 2989 910 cogitarent,

648 926 697 981 si
732 926 906 983 corde
938 925 1330 995 praestarent,
1371 927 1682 995 togamque
1716 925 2090 994 praetextam
2127 924 2218 981 his
2253 925 2518 982 additam
2554 925 2621 983 ut
2658 942 2732 983 ex
2766 940 2989 999 purpu-

648 1028 751 1071 rae
785 1014 1000 1070 rubore
1038 1014 1415 1084 ingenuitatis
1451 1014 1676 1084 pudore
1712 1015 2055 1085 regerentur
2088 1028 2140 1070 ».

726 1258 1075 1336 opiniones
1116 1257 1344 1319 varias
1404 1258 1481 1319 de
1542 1255 1796 1333 origine
1862 1258 2054 1337 atque
2118 1259 2597 1336 significatione
2657 1259 2877 1322 bullae
2917 1261 2989 1320 in

644 1372 1000 1434 puerorum
1043 1372 1233 1418 usum
1258 1355 1475 1416 >fuisse
1517 1373 1557 1417 a
1597 1357 1892 1417 Varrone
1952 1359 2320 1434 propositas
2363 1358 2582 1419 eodem
2626 1355 2763 1420 fere
2803 1358 2987 1420 modo

645 1469 771 1532 quo
800 1455 946 1515 heic
987 1454 1353 1516 Macrobius
1393 1454 1613 1526 refert,
1657 1470 1788 1516 non
1830 1455 2036 1517 solum
2078 1457 2221 1533 ipsa
2264 1457 2586 1519 materiae
2628 1456 2877 1519 natura
2918 1457 2989 1518 et

646 1553 967 1629 gravitas,
994 1553 1102 1614 sed
1131 1553 1198 1615 et
1226 1552 1618 1614 Plutarchus
1644 1568 1764 1613 nos
1792 1553 2053 1615 evincit.
2078 1558 2200 1624 Qui
2230 1556 2299 1616 in
2327 1555 2544 1617 libello
2573 1572 2690 1617 suo
2721 1577 2757 1612 «
2787 1559 2989 1624 Quae-

647 1652 890 1714 stiones
931 1655 1266 1715 Romanae
1308 1673 1343 1709 >›
1386 1652 1698 1730 inscripto
1738 1650 1929 1730 (quod
1971 1653 2351 1730 opuseulum
2379 1654 2815 1715 Varronianis
2846 1653 2991 1730 opi·-

648 1753 765 1813 bus
820 1753 1309 1828 quammaxime
1370 1751 1727 1815 conflatum
1768 1768 1905 1812 esse
1957 1752 2093 1812 iam
2157 1751 2634 1814 demonstravit
2687 1752 2871 1813 Thilo
2914 1753 2984 1812 G.

647 1870 685 1907 α
733 1850 833 1912 dev
872 1852 1169 1912 Varrone
1232 1849 1568 1914 Plutarchi
1626 1849 1889 1917 Quaest.
1954 1851 2140 1912 Rom.
2207 1851 2472 1912 auctore
2534 1850 2883 1927 praecipuo
2950 1869 2988 1905 »

648 1944 829 2012 Bonn
874 1948 1054 2028 1853)
1081 1965 1229 2010 cum
1273 1949 1579 2026 breviter,
1623 1948 1726 2010 uti
1757 1947 1939 2020 solet,
1984 1949 2094 2009 sed
2122 1949 2289 2011 satis
2334 1949 2675 2026 perspicue
2704 1949 2987 2026 potiores

646 2048 1067 2112 narrationes
1131 2046 1207 2108 de
1248 2063 1592 2124 puerorum
1653 2046 1833 2109 bulla
1875 2046 2245 2123 conlegerit,
2296 2048 2658 2123 aliquorum
2711 2046 2987 2125 denique

649 2146 1027 2222 sententiaS,
1073 2144 1181 2222 qui
1228 2146 1393 2222 apud
1433 2146 1795 2205 Varronem
1850 2144 2301 2220 inveniuntur,
2347 2145 2664 2222 expungit
2709 2147 2902 2222 atque
2948 2161 2988 2206 a

648 2244 968 2323 probabili
1007 2243 1106 2305 rei
1148 2259 1342 2305 sensu
1384 2242 1546 2305 dicit
1588 2241 1909 2304 abludere.
1951 2243 2149 2320 Atqui
2188 2245 2526 2322 opiniones
2568 2260 2733 2321 quae
2770 2259 2810 2304 a
2837 2243 2991 2304 Plu-

646 2343 877 2406 tarcho
918 2342 1310 2417 referuntur,
1355 2342 1423 2404 et
1462 2342 1755 2405 extremo
1797 2342 1935 2404 loco
1976 2344 2295 2405 Varronis
2336 2343 2598 2405 nomine
2642 2341 2992 2419 augentur,

648 2442 914 2504 eaedem
955 2442 1112 2504 sunt
1155 2456 1230 2502 ac
1270 2456 1437 2517 quae
1477 2442 1549 2502 in
1589 2442 1715 2504 hac
1758 2440 2071 2503 Macrobii
2115 2442 2359 2518 pagina
2400 2439 2773 2503 traduntur.
2816 2443 2986 2502 Nam

653 2540 732 2602 ad
773 2557 836 2601 n.
885 2538 997 2603 101
1029 2555 1117 2617 sq.
1158 2540 1419 2626 quaerit
1462 2555 1547 2601 an
1589 2539 1806 2600 bullae
1837 2557 1991 2601 usus
2022 2540 2333 2603 debeatur
2372 2541 2728 2602 memoriae
2757 2541 2989 2618 rapta-

648 2657 795 2702 rum
835 2640 1200 2712 mulierum,
1234 2655 1321 2700 an
1350 2640 1707 2717 Tarquinio
1733 2656 1951 2717 puero,
1986 2656 2071 2702 an
2101 2641 2318 2718 potius
2345 2641 2639 2704 virorum
2668 2640 2987 2702 desiderio

650 2740 887 2802 bonum
928 2738 1273 2800 consilium
1314 2738 1734 2815 praemature
1764 2739 1833 2798 in
1863 2740 2146 2801 mentem
2188 2755 2537 2816 puerorum
2575 2737 2988 2800 infundendi:

648 2837 789 2898 eius
852 2836 1071 2898 autem
1132 2836 1333 2897 verba
1386 2835 1550 2896 haec
1611 2835 1759 2897 sunt
1799 2856 1835 2893 ⁴<
1877 2832 1971 2895 διαὶ
2006 2833 2066 2896 τί
2110 2839 2381 2916 κοσμοῦσι
2435 2836 2559 2903 τοὺς
2613 2832 2825 2901 παῖδας
2871 2837 2996 2902 τοῖς.

647 2929 1020 3010 περιδεραὶοις,
1061 2930 1103 2990 ὅ,
1157 2929 1424 3006 βούλλας
1467 2934 1806 3005 numum...
1846 2932 2076 3010 πότερον
2120 2934 2208 2994 ἐπὶ
2264 2934 2419 3019 τιμῇ
2462 2938 2574 2995 τῶν
2617 2928 2987 3018 ἡρπασμένων

648 3040 935 3105 γυναικῶν
995 3037 1173 3110 ὥσπερ
1231 3026 1406 3093 ἅλλα.
1464 3034 1671 3093 πολλοὶ
1727 3034 1832 3091 καὶ
1894 3034 2059 3093 τοῦτο
2113 3032 2480 3112 ἒψηφὶσαντο
2533 3037 2663 3103 ταῖς
2706 3033 2761 3116 ἐξ
2802 3034 2992 3095 αὐτῶν

645 3132 1004 3215 γεννωμένοις
1053 3127 1352 3213 &mimam
1391 3130 1423 3201 ἦ
1467 3133 1569 3204 τὴν
1607 3131 1911 3210 Ταρκινίου
1951 3135 2218 3216 τιμῶντες
2260 3131 2821 3212 ἀνδραγαθίανς.......
2858 3124 2896 3195 ’ὃ
2932 3155 2985 3193 οι

649 3234 767 3309 περὶ
830 3228 1093 3313 Βάῤῥωνοι
1148 3230 1411 3303 atreum
1467 3230 1530 3291 οὐ
1580 3230 1829 3293 wisan&
1887 3232 2029 3305 ἔστι,
2070 3235 2165 3302 τῆς
2221 3231 2492 3308 βούλλης
2521 3296 2522 3299 ¹
2549 3229 2655 3293 ὑπὸ
2703 3229 2989 3296 Ἀιολὲων

650 3330 892 3406 βόλλας
932 3329 1490 3415 προσαγορευομένης,
1531 3333 1698 3394 τοῦτο
1739 3329 2040 3416 σύμβολον
2082 3331 2388 3406 εὐβουλίας
2425 3333 2822 3413 περιτίθεσθαι
2868 3336 2989 3403 τοὺς

649 3430 864 3501 παῖδας
894 3454 948 3491 ».
975 3433 1404 3511 Improbabile
1438 3433 1656 3497 autem
1698 3433 1766 3496 et
1805 3434 1944 3495 fere
1988 3434 2340 3497 absurdum
2382 3435 2482 3497 est
2522 3436 2783 3513 opinari
2823 3437 2992 3497 Var-

650 3550 877 3597 ronem
945 3550 1052 3595 eos
1100 3532 1362 3595 tantum
1405 3532 1751 3611 scriptores
1792 3548 2185 3594 memorasse
2226 3533 2336 3610 qui
2375 3534 2552 3595 hanc
2591 3534 2987 3612 postremam

3042 656 3119 713 1⁷

651 3633 1045 3695 sententiam
1088 3632 1539 3710 sequebantur,
1584 3630 1831 3694 ceteros
1874 3648 2027 3693 vero
2058 3632 2167 3710 qui
2215 3631 2409 3694 aliter
2437 3633 2502 3695 et
2540 3632 2822 3696 fortasse
2852 3649 2996 3695 rec—
3060 3663 3069 3671 ·

650 3731 785 3794 tius
828 3729 1215 3808 cogitabant
1254 3731 1515 3793 omnino
1557 3730 1993 3807 praeteriisse;
2052 3731 2338 3791 maxime
2379 3746 2576 3808 quum
2621 3732 2987 3810 descriptae

652 3828 917 3891 fabulae
969 3829 1316 3891 universae
1337 3828 1721 3906 antiquitati
1750 3829 2131 3890 notissimae
2164 3844 2241 3889 ac
2270 3827 2550 3890 multum
2581 3831 2799 3893 essent
2825 3831 2990 3892 cele-

652 3927 901 4000 bratae,
931 3927 1032 3990 uti
1055 3926 1358 4004 arguitur
1381 3944 1421 3988 a
1440 3927 1646 3989 Liv.1.
1679 3925 1773 3999 38,
1797 3927 2048 4003 Dionys.
2072 3924 2199 3987 Hal
2224 3928 2323 3987 III.
2347 3923 2425 3983 66
2449 3925 2518 3989 et
2552 3927 2727 4005 alibi,
2760 3929 2977 3990 Aurei.

650 4025 817 4088 Vict.
861 4025 940 4087 de
980 4025 1144 4087 viris
1185 4024 1418 4087 illustr.
1461 4022 1517 4085 6.
1545 4025 1602 4096 2,
1648 4025 1813 4085 Plin.
1857 4026 1935 4085 N.
1964 4027 2038 4085 H.
2085 4024 2373 4096 XXVIII,
2404 4023 2460 4082 7.
2490 4022 2568 4081 39
2610 4026 2749 4098 etc„
2796 4027 2994 4104 atque

651 4124 883 4187 habita
922 4124 1180 4186 ratione
1223 4138 1512 4185 summae
1554 4122 1937 4198 diligentiae
1977 4122 2203 4184 Nostri
2260 4122 2547 4184 auctoris
2589 4125 2658 4185 in
2698 4125 2992 4202 qualibet

652 4223 1092 4300 disputatione
1153 4221 1251 4283 nil
1311 4221 1629 4283 indictum
1691 4219 2134 4296 reunquentis.
2197 4219 2288 4281 At
2345 4221 2445 4282 est
2504 4222 2760 4284 difficile
2820 4225 2996 4285 Var-

651 4323 1004 4384 ronianum
1066 4321 1303 4382 librum
1366 4320 1657 4383 indicare
1717 4321 1787 4381 in
1849 4335 1973 4397 quo
2033 4318 2200 4379 haec
2240 4317 2644 4384 dicebantur.
2694 4323 2780 4383 Ni
2822 4322 2989 4387 forte

652 4436 820 4498 quae
865 4420 947 4482 ad
989 4420 1202 4483 vestes
1242 4418 1631 4481 ornamenta
1673 4418 1738 4481 et
1758 4419 1936 4481 vitae
1963 4416 2212 4479 cultum
2252 4418 2553 4495 spectant
2594 4420 2663 4480 in
2692 4419 2997 4483 extrema
