3334 5192
2707 414 2786 479 6-1

456 543 612 591 usus
654 527 771 590 est.
813 528 905 589 De
947 525 1261 589 Cleanthe
1290 526 1464 589 enim
1506 527 1575 589 in
1615 526 1688 589 L.
1730 529 1802 591 L.
1843 528 1918 589 V.
1948 525 1988 585 9
2013 528 2114 591 ita
2156 528 2428 605 legimus
2455 548 2493 590 «
2524 530 2670 593 Non
2696 546 2802 592 so-

455 626 592 688 lum
638 626 719 687 ad
758 625 1215 703 Aristophanis
1275 625 1631 698 lucernam,
1676 625 1788 687 sed
1830 627 2029 689 etiam
2074 627 2156 688 ad
2218 627 2558 689 Cleanthis
2620 628 2804 689 lucu-

456 723 648 786 bravi
689 744 744 785 ».
786 726 876 784 De
919 722 1070 784 aliis
1130 739 1286 785 vero
1327 722 1399 784 in
1458 725 1566 786 VI.
1606 721 1649 781 2
1689 723 1852 785 haec
1914 724 2222 787 dicuntur
2261 744 2299 786 «
2342 725 2588 787 Auctor
2635 725 2800 788 satis

455 822 618 884 mihi
660 821 1050 898 Chrysippus
1090 821 1156 884 et
1195 821 1562 898 Antipater,
1602 820 1671 884 et
1712 821 1812 883 illi
1854 823 1924 884 in
1966 824 2213 899 quibUS,
2255 824 2314 885 si
2353 838 2489 886 non
2535 823 2797 885 tantum

461 921 781 983 acuminis
825 922 896 983 at
938 920 1079 997 plus
1119 919 1512 997 litterarum,
1556 920 1627 980 in
1669 934 1793 998 quo
1835 921 1935 984 est
1972 923 2437 999 Aristophanes
2495 926 2563 985 et
2607 920 2802 998 Apol-

458 1020 717 1083 lodorus
759 1035 815 1081 ».
858 1019 1161 1096 Physicos
1221 1017 1494 1096 denique
1521 1019 1784 1096 saepius
1812 1019 2125 1094 meminit,
2156 1022 2222 1083 et
2248 1020 2359 1097 qui
2386 1021 2508 1082 hoc
2534 1020 2802 1101 nomine

460 1117 866 1196 intelligendi
908 1119 1065 1181 sunt
1103 1117 1291 1179 docet
1328 1118 1399 1178 in
1440 1120 1519 1179 X.
1560 1116 1641 1177 55
1684 1119 1779 1180 sic
1818 1119 2039 1181 dicens
2080 1140 2116 1176 «
2160 1119 2384 1196 Itaque
2446 1120 2512 1181 et
2559 1119 2649 1193 hi,
2689 1119 2801 1195 qui

458 1217 545 1279 da
585 1217 761 1278 omni
799 1215 1048 1279 natura
1085 1214 1422 1293 disputant
1465 1215 1655 1294 atque
1696 1216 1839 1279 ideo
1879 1217 2203 1280 vocantur
2241 1219 2520 1295 Physici,
2573 1217 2804 1279 tamen

461 1330 547 1381 ex
585 1315 689 1376 his
733 1310 814 1375 ab
854 1313 1169 1375 universa
1208 1313 1456 1376 natura
1494 1313 1789 1392 profecti,
1818 1314 1996 1385 retro
2037 1332 2204 1393 quae
2233 1318 2452 1381 essent
2474 1315 2801 1393 principia

462 1411 707 1490 mundi,
749 1412 1180 1475 ostenderunt
1219 1430 1275 1474 ».

542 1511 752 1588 Igitur
792 1510 848 1572 si
890 1510 1056 1572 haec
1098 1511 1349 1572 indicia
1376 1510 1617 1589 aliquid
1644 1511 1842 1589 pretii
1868 1512 2135 1589 habent,
2176 1512 2504 1575 hariolari
2543 1511 2801 1588 quidem

461 1625 599 1673 non
637 1608 919 1686 videbor,
959 1624 1108 1670 cum
1134 1610 1618 1671 Varronianam
1646 1611 2008 1673 doctrinam
2035 1611 2114 1673 de
2139 1610 2434 1691 Apolline
2466 1626 2543 1671 ac
2569 1609 2807 1672 Libero

462 1724 547 1770 ex
585 1704 892 1781 indicatis
933 1707 1247 1771 Macrobii
1290 1707 1448 1791 locis
1488 1708 1912 1786 probabiliter
1952 1709 2321 1771 instaurari
2383 1723 2565 1789 posse
2614 1705 2804 1771 adfir-

466 1824 655 1869 mem.
693 1808 780 1871 At
817 1823 922 1871 res
964 1806 1278 1870 maiorem
1321 1823 1552 1887 curam
1578 1806 1871 1885 postulat
1898 1808 2232 1885 magisque
2257 1807 2554 1871 idoneam
2591 1806 2805 1882 dispu-

463 1906 807 1984 tationem,
849 1922 1045 1984 quam
1086 1920 1253 1984 quae
1296 1904 1378 1965 ab
1417 1905 1546 1967 hac
1585 1904 2060 1983 scriptiuncula
2098 1906 2308 1985 potest
2332 1905 2647 1967 exhiberi.
