3334 5192
613 352 693 413 4ss

614 471 690 532 ut
714 471 874 533 mihi
905 470 1166 532 videtur
1193 468 1610 546 probabilius,
1639 470 1805 530 Fere
1834 469 2079 531 similia
2104 469 2533 531 inveniuntur
2559 469 2740 529 circa
2767 483 2949 529 men-

614 586 750 631 sem
784 569 1246 631 intercalarem
1274 569 1348 629 in
1375 568 1715 629 Plutarch.
1745 570 1933 629 Num.
1966 567 2041 627 18
2062 569 2130 629 et
2151 570 2223 630 in
2244 567 2575 630 Oensorin.
2595 566 2693 629 20.
2720 566 2760 625 2
2781 584 2947 646 seqq.

682 803 709 851 1
736 805 1144 854 interkalatum
1167 804 1210 853 P
1231 805 1252 869 ss
1272 803 1304 853 2
1327 805 1581 870 assignat
1602 804 1767 869 Lugd.
1803 810 1856 854 et
1877 810 1996 854 vett.
2028 805 2141 854 edd.
2166 804 2238 870 114
2253 806 2619 856 interkalasse
2649 805 2694 855 P
2720 805 2733 871 Ι
2756 806 2789 855 5
2810 808 2951 856 tuti-

617 885 829 935 diamus
879 885 1019 950 Bu7
1064 885 1243 934 eodem
1288 884 1362 934 B':
1415 899 1672 934 marom
1711 884 1771 933 P:
1808 886 2027 935 martin
2068 885 2129 934 B:
2177 885 2462 934 Martium
2497 885 2665 950 Lugd.
2718 894 2770 935 et
2813 893 2935 936 vett.

617 964 735 1014 edd.
760 964 833 1031 119
864 966 1110 1017 aeconioo
1158 964 1216 1013 P:
1266 965 1360 1013 sed
1388 965 1540 1014 hunc
1576 965 1619 1014 P
1662 970 1715 1015 et
1758 963 1923 1028 aliqq.
1984 964 2100 1015 edd.
2121 964 2145 1029 ss
2169 964 2227 1015 10
2271 966 2418 1017 lucio
2458 966 2565 1016 BP:
2596 968 2843 1029 pomario
2873 967 2946 1016 B:

621 1044 862 1095 Pinatio
898 1045 1064 1109 Lugd.
1108 1051 1160 1094 et
1194 1052 1313 1095 vett.
1370 1044 1487 1094 edd.
1523 1043 1626 1109 [111
1655 1046 1826 1107 sunio
1865 1044 1924 1094 P:
1948 1046 2158 1095 mentio
2195 1045 2301 1123 ¹BP:
2337 1048 2546 1096 mensis
2587 1048 2952 1098 intercalaris

621 1124 758 1174 coni.
804 1125 1051 1175 Zeunius:
1087 1126 1400 1174 ascribitur
1432 1124 1596 1174 Janus
1630 1124 1797 1190 Lugd.
1845 1131 1896 1175 et
1929 1130 2024 1174 cet.
2072 1125 2189 1175 edd.

1644 1542 1932 1620 XXIV.

1511 1718 1589 1785 (1.
1629 1717 1725 1773 15.
1766 1718 1840 1772 10
1875 1718 2073 1787 seqq.)

699 1934 731 1969 ‹
769 1913 1060 1971 Sacrificio
1095 1930 1135 1971 a
1170 1929 1307 1986 rege
1343 1915 1405 1971 et
1458 1915 1682 1971 minore
1727 1914 1997 1985 pontifice
2030 1913 2321 1971 celebrato
2364 1914 2519 1970 idem
2572 1914 2830 1985 pontifex
2863 1929 2961 1972 ca*
3016 1917 3097 1974 10

626 2003 769 2074 lata,
806 2003 868 2060 id
903 2005 996 2060 est
1033 2004 1258 2075 vocata,
1296 2005 1354 2060 in
1395 2003 1749 2075 Capitolium
1785 2001 1951 2075 plebe
1984 2003 2154 2059 iuxta
2187 2001 2411 2059 curiam
2446 2002 2777 2075 Calabram,
2816 2018 2966 2074 quae

627 2108 799 2150 casae
833 2093 1065 2149 Romuli
1100 2094 1372 2164 proxima
1406 2093 1519 2164 est,
1556 2093 1699 2163 quot
1732 2106 1976 2149 numero
2012 2091 2136 2149 dies
2172 2107 2209 2148 a
2244 2092 2514 2149 Kalendis
2537 2093 2613 2149 ad
2647 2094 2842 2150 Nonas
2867 2108 2965 2151 su-

576 2218 581 2225 ·
624 2182 926 2253 peressent
976 2181 1409 2252 pronuntiabat,
1465 2182 1526 2238 et
1576 2181 1884 2251 quintanas
1932 2181 2165 2251 quidem
2218 2180 2373 2237 dicto
2426 2182 2727 2252 quinquies
2782 2181 2962 2239 verbo

551 2286 578 2328 5
633 2273 824 2341 καλῶ,
881 2272 1236 2342 septimanas
1269 2271 1521 2342 repetito
1577 2271 1792 2343 septies
1831 2269 2221 2341 praedicabat.
2262 2270 2504 2326 verbum
2539 2273 2740 2329 autem
2800 2273 2968 2330 καλῶ
3017 2274 3099 2330 11

633 2363 915 2419 Graecum
951 2362 1065 2431 est,
1100 2360 1161 2417 id
1197 2362 1289 2417 est
1325 2376 1489 2432 voco,
1527 2361 1594 2418 ut
1627 2361 1778 2418 hunc
1817 2360 1991 2432 diem,
2033 2362 2131 2431 qui
2177 2376 2252 2417 ex
2298 2360 2391 2417 his
2441 2361 2639 2417 diebus
2674 2363 2771 2432 qui
2805 2361 2966 2418 cala-

631 2451 838 2507 rentur
871 2450 1098 2520 primus
1142 2450 1319 2521 esset,
1367 2451 1586 2522 placuit
1632 2450 1918 2507 Kalendas
1966 2451 2182 2506 vocari.
2230 2449 2362 2507 hinc
2412 2450 2475 2507 et
2510 2450 2622 2521 ipsi
2662 2451 2858 2508 curiae
2892 2451 2968 2508 ad

632 2553 807 2609 quam
842 2538 1202 2596 vocabantur
1247 2539 1529 2599 Calabrae
1575 2553 1783 2597 nomen
1818 2540 2023 2597 datum
2074 2540 2186 2609 est,
2223 2540 2288 2598 et
2331 2541 2527 2612 classi,
2578 2541 2730 2610 quod
2779 2541 2970 2599 omnis

632 2629 693 2686 in
726 2644 857 2686 eam
891 2629 1137 2700 populus
1172 2630 1499 2686 vocaretur.
1537 2630 1665 2687 ideo
1685 2629 1884 2685 autem
1909 2630 2100 2686 minor
2122 2629 2380 2701 pontifex
2396 2645 2702 2688 numerum
2740 2631 2966 2688 dierum
3021 2637 3100 2694 12

534 2728 585 2770 lo
635 2720 731 2791 qui
767 2720 842 2776 ad
876 2721 1072 2776 Nonas
1126 2720 1495 2791 superessent
1529 2718 1769 2775 calando
1805 2718 2113 2790 prodebat,
2168 2720 2321 2790 quod
2355 2720 2493 2797 post
2526 2736 2740 2778 novam
2775 2721 2972 2779 lunam

634 2808 946 2880 oportebat
981 2810 1277 2864 Nonarum
1314 2809 1406 2865 die
1440 2811 1752 2881 populares
1787 2809 1884 2879 qui
1922 2811 1980 2865 in
2014 2810 2177 2880 agris
2213 2811 2409 2867 essent
2453 2811 2741 2867 confluere
2777 2815 2838 2869 ln
2873 2826 2974 2872 m:-

638 2897 768 2954 bem
803 2899 1144 2968 accepturos
1179 2912 1386 2955 causas
1404 2897 1683 2954 feriarum
1709 2913 1746 2952 a
1770 2912 1909 2969 rege
1933 2902 2237 2954 sacrorum
2266 2900 2624 2970 sciturosque
2657 2900 2794 2971 quid
2817 2902 2982 2959 esset

639 3002 707 3044 eo
744 3000 939 3043 mense
975 2986 1316 3043 faciendum.
1353 2985 1504 3042 unde
1538 2986 1773 3057 quidam
1826 2985 1957 3042 hinc
1992 2988 2184 3042 Nonas
2219 2988 2535 3045 aestimant
2585 2989 2773 3046 dictas
2809 2990 2974 3059 quasi
3028 2994 3109 3048 13

640 3089 825 3133 novae
860 3075 1090 3132 initium
1125 3074 1573 3146 observationis,
1614 3075 1704 3130 vel
1740 3075 1890 3145 quod
1925 3075 1998 3130 ab
2035 3090 2103 3131 eo
2129 3075 2223 3132 die
2248 3089 2477 3146 semper
2499 3076 2575 3132 ad
2598 3076 2729 3133 Idus
2765 3091 2975 3133 novem

539 3171 589 3213 15
640 3165 765 3223 dles
799 3165 1097 3236 putentur,
1148 3164 1298 3221 sicut
1350 3164 1503 3235 apud
1559 3164 1777 3220 Tuscos
1823 3165 2021 3220 Nonae
2067 3164 2266 3235 plures
2311 3163 2689 3235 habebantur,
2725 3165 2879 3235 quod
2912 3165 2975 3220 hi

641 3270 790 3312 nono
824 3269 1046 3325 quoque
1068 3255 1163 3311 die
1196 3266 1396 3325 regem
1432 3268 1600 3310 suum
1638 3253 1973 3309 salutabant
2007 3254 2070 3309 et
2103 3253 2176 3311 de
2209 3255 2466 3326 propriis
2502 3255 2752 3326 negotiis
2769 3269 2977 3312 consu·-

539 3379 543 3383 -
641 3343 857 3402 lebant.
891 3344 1092 3400 Iduum
1126 3358 1308 3414 porro
1343 3357 1552 3400 nomen
1573 3342 1799 3412 TusciS‚
1823 3342 1979 3413 apud
2002 3355 2147 3412 quos
2169 3344 2223 3400 is
2247 3343 2370 3400 dies
2395 3344 2498 3400 Itis
2525 3346 2788 3413 vocatur,
2816 3359 2974 3401 sum·
3032 3348 3110 3404 14

642 3434 811 3504 ptum
834 3435 942 3490 est.
966 3435 1112 3490 Item
1129 3434 1330 3489 autem
1355 3432 1441 3487 illi
1465 3432 1929 3502 interpretantur
1967 3432 2116 3489 lovis
2142 3432 2430 3489 fiduciam.
2454 3449 2587 3489 nam
2616 3449 2748 3490 eum
2782 3437 2978 3490 Iovem

643 3522 998 3593 accipiamus
1049 3522 1196 3579 lucis
1245 3521 1566 3592 auctorem,
1603 3520 1753 3577 unde
1787 3522 1849 3577 et
1885 3522 2180 3579 Lucetium
2219 3523 2357 3579 Salii
2393 3524 2454 3580 in
2489 3523 2843 3580 carminibus
2876 3536 2979 3579 ca·-

536 3625 593 3669 20
645 3612 803 3668 nunt·
822 3612 885 3669 et
917 3613 1260 3669 Cretensens
1299 3607 1419 3668 Δία
1445 3610 1547 3679 τὴν
1587 3605 1792 3690 ἡμέραν
1837 3612 2063 3679 vocant,
2114 3612 2226 3682 ipsi
2282 3625 2503 3682 quoque
2538 3612 2781 3668 Romani
2819 3612 2982 3668 Dies-‘-

643 3702 860 3774 pitrem
896 3701 1192 3773 appellant
1237 3699 1306 3756 ut
1359 3700 1474 3756 diei
1508 3701 1754 3771 patrem.
1792 3701 1920 3756 iure
1962 3700 2056 3756 hic
2102 3701 2226 3758 dies
2262 3702 2414 3757 Iovis
2462 3700 2674 3758 fiducia
2713 3703 2980 3772 vocatur,
3037 3702 3113 3758 15

643 3793 805 3850 cuius
841 3792 943 3848 lux
976 3807 1091 3848 non
1124 3791 1327 3847 finitur
1360 3806 1494 3847 cum
1531 3791 1674 3847 solis
1708 3805 1934 3862 occasu,
1973 3790 2073 3847 sed
2116 3790 2481 3861 splendorem
2518 3791 2629 3846 diei
2653 3791 2715 3847 et
2751 3791 2980 3847 noctem

644 3882 945 3938 continuat
989 3880 1337 3937 inlustrante
1386 3879 1539 3948 luna,
1588 3880 1740 3949 quod
1790 3893 2018 3950 semper
2067 3879 2126 3935 in
2178 3878 2488 3950 plenilunio
2543 3879 2603 3936 id
2650 3879 2745 3936 est
2790 3880 2981 3936 medio

647 3984 841 4027 mense
875 3970 1004 4025 fieri
1053 3969 1219 4026 solet.
1267 3969 1421 4031 diem
1468 3969 1652 4039 igitur
1699 3969 1794 4037 qui
1842 3968 1937 4023 vel
1982 3968 2280 4025 nocturnis
2314 3969 2478 4025 caret
2516 3968 2791 4040 tenebris,
2828 3970 2982 4025 Iovis

539 4071 595 4112 25
647 4063 914 4120 fiduciam
951 4062 1139 4119 Tusco
1175 4060 1406 4118 nomine
1458 4059 1830 4130 vocaverunt,
1879 4058 2026 4115 unde
2073 4057 2134 4113 et
2180 4073 2379 4115 omnes
2427 4059 2559 4115 Idus
2604 4060 2759 4116 Iovis
2805 4058 2983 4116 ferias

650 4152 1042 4211 observandas
1079 4150 1274 4208 sanxit
1308 4146 1639 4220 antiquitas.
1678 4149 1778 4204 alii
1812 4148 2023 4219 putant
2058 4147 2208 4216 Idus,
2246 4149 2397 4217 quod
2433 4163 2503 4204 ea
2527 4148 2621 4205 die
2644 4149 2814 4219 plena
2850 4149 2986 4205 luna
3044 4149 3127 4205 1ss

650 4243 940 4310 videatur,
979 4257 1015 4297 a
1050 4240 1296 4297 videndo
1322 4239 1492 4295 vidus
1527 4238 1872 4310 appellataS‚
1910 4252 2048 4293 mox
2084 4236 2347 4293 litteram
2383 4254 2423 4293 v
2458 4237 2806 4307 detractam,
2833 4236 2990 4294 sicut'

646 4333 874 4398 contra,
910 4330 1063 4402 quod
1099 4330 1303 4386 Graeci
1338 4326 1478 4387 ἰδεῖυ
1514 4328 1732 4398 dicunt,
1769 4340 1874 4383 nos
1910 4341 1951 4381 v-
2006 4326 2207 4382 littera
2224 4326 2450 4413 „addita
2484 4326 2687 4383 videre
2721 4325 2985 4384 dicimus.

651 4421 937 4479 nonnullis
971 4421 1177 4492 placet.
1196 4419 1342 4476 Idus⁴
1365 4417 1554 4475 dictas
1593 4417 1870 4474 vocabulo
1908 4417 2148 4486 Graeco,
2184 4413 2310 4474 οἶον
2331 4414 2447 4475 ἀπὸ
2473 4419 2573 4476 τοῦ
2596 4413 2794 4486 εἴδους,
2831 4416 2990 4488 mio&

3143 4894 3325 5156 A
