3334 5192
2622 384 2701 443 25

1455 655 1621 732 VII.

1405 811 1479 876 (ι.
1517 810 1576 865 8.
1618 812 1674 876 1)

443 1009 473 1043 (ι
512 989 745 1045 Tullum
782 987 1091 1045 Hostilium
1133 1003 1265 1044 cum
1316 986 1406 1043 bis
1452 988 1522 1044 de
1572 987 1827 1058 AlbaniS,
1876 986 1947 1042 de
2001 985 2223 1040 Sabinis
2270 983 2450 1041 tertio
2490 984 2702 1039 trium·
2757 987 2789 1040 1

366 1079 626 1151 phasset‚
671 1078 899 1134 invenio
934 1077 1126 1133 fanum
1164 1076 1413 1134 Saturno
1465 1091 1539 1133 ex
1584 1077 1727 1133 voto
1782 1075 2210 1133 consecravisse
2260 1074 2321 1129 et
2369 1071 2701 1129 Saturnalia

370 1170 507 1226 tunc
547 1169 801 1239 primum
849 1169 1067 1223 Romae
1107 1166 1402 1236 instituta,
1451 1166 1720 1237 quamvis
1767 1165 1959 1219 Varro
2016 1162 2166 1219 libro
2226 1162 2413 1233 sext0,
2462 1164 2559 1231 qui
2609 1162 2702 1218 est

369 1260 442 1317 de
477 1260 659 1316 sacris
693 1258 948 1327 aedibuS,
989 1256 1210 1313 scribat
1243 1258 1448 1313 aedem
1486 1254 1719 1312 Saturni
1755 1254 1830 1310 ad
1885 1254 2075 1309 forum
2125 1252 2444 1309 faciendam
2481 1251 2702 1307 locasse

290 1364 318 1405 5
370 1351 430 1405 L.
469 1347 840 1417 Tarquinium
875 1360 1096 1417 regem,
1154 1346 1352 1402 Titum
1394 1359 1534 1401 vero
1573 1344 1843 1400 Larcium
1891 1342 2239 1399 dictatorem
2295 1339 2700 1397 Saturnalibus

369 1452 497 1494 eam
522 1435 818 1494 dedicasse
841 1450 896 1492 ».

441 1684 514 1742 In
555 1681 691 1757 Bip.
735 1682 830 1742 ed.
874 1697 932 1757 p.
973 1677 1092 1738 218
1135 1680 1487 1742 servantur
1525 1678 1788 1742 tantum
1828 1677 2030 1739 verba
2070 1677 2406 1755 VarroniS,
2450 1677 2703 1738 scilicet

365 1799 399 1835 «
445 1779 669 1839 aedem
731 1777 1000 1840 Saturni
1043 1798 1078 1834 »
1121 1778 1240 1840 etc.
1300 1794 1502 1855 usque
1566 1778 1646 1838 ad
1702 1777 1971 1840 verbum
2015 1796 2050 1833 «
2092 1775 2422 1837 dedicasse
2466 1795 2522 1836 2».
2581 1775 2704 1837 Sed

364 1875 591 1937 notum
645 1875 745 1937 est
786 1875 1141 1938 Reatinum
1184 1876 1563 1952 scriptorem
1608 1876 1887 1937 aliorum
1928 1874 2263 1951 opiniones
2304 1888 2700 1952 quamquam

366 1990 530 2035 suae
557 1974 882 2052 oppositas
910 1990 1264 2052 numquam
1293 1974 1758 2049 dissimulasse,
1787 1974 1987 2034 immo
2018 1972 2284 2035 solitum
2310 1971 2512 2033 fuisse
2546 1971 2701 2034 ante

369 2087 558 2133 suam
598 2073 882 2149 prodere.
925 2072 1526 2136 Probabilissimum
1567 2089 1720 2150 ergo
1761 2073 1862 2135 est
1901 2073 1970 2136 et
1988 2088 2097 2137 eos
2137 2082 2548 2148 memorasse,
2589 2071 2702 2147 qui

368 2171 478 2247 qui
520 2186 649 2232 non
691 2174 759 2231 L.
804 2171 1173 2249 Tarquinio,
1217 2171 1296 2233 ut
1336 2171 1471 2248 ipse
1517 2171 1865 2244 asserebat,
1909 2171 2019 2232 sed
2062 2169 2251 2231 Tullo
2292 2168 2567 2230 Hostilio
2606 2168 2702 2229 fa-

365 2285 522 2329 num
566 2270 839 2332 Saturni
880 2270 1145 2348 fanique
1187 2270 1658 2332 dedicationem
1712 2269 2105 2332 tribuebant.
2162 2270 2297 2330 Nec
2339 2284 2441 2328 me
2483 2268 2702 2329 movet

366 2366 635 2429 verbum
680 2388 716 2425 «
757 2368 1021 2430 invenio
1062 2389 1098 2426 2>
1140 2384 1264 2446 quo
1306 2369 1520 2431 utitur
1580 2369 1969 2446 Macrobius„
2014 2368 2090 2431 ut
2127 2385 2234 2430 res
2278 2368 2361 2429 ab
2406 2366 2557 2428 aliis
2598 2368 2703 2428 in-

365 2464 598 2527 ventas
640 2464 1021 2543 sibimetipsi
1074 2465 1449 2543 plerumque
1513 2466 1797 2542 adroget.
1863 2466 2161 2528 Ceterum
2201 2464 2273 2528 6ΐ
2312 2466 2448 2542 ipse
2489 2466 2701 2526 Varro
2757 2524 2766 2534 ,

369 2563 535 2627 alios
563 2580 750 2640 reges
777 2565 1053 2627 Hostilio
1087 2563 1486 2642 antiquiores
1514 2564 1831 2640 meminit,
1862 2563 2091 2640 quibus
2115 2563 2477 2625 exstructio
2508 2561 2701 2638 atque

369 2663 612 2726 dicatio
657 2664 836 2724 aedis
877 2663 1148 2726 Saturni
1192 2663 1262 2723 in
1302 2662 1528 2740 primis
1591 2661 2102 2738 adscribebatur‚
2167 2677 2267 2723 eX.
2321 2676 2415 2736 gr.
2462 2661 2533 2719 T.
2575 2660 2702 2720 Ta-

364 2765 531 2826 tium
576 2763 892 2825 Sabinum
954 2761 1210 2825 Romuli
1255 2762 1588 2838 collegam,
1631 2762 1709 2824 ut
1750 2765 1849 2822 est
1889 2762 2110 2824 videre
2150 2761 2222 2821 in
2262 2763 2332 2820 L.
2373 2761 2443 2819 L.
2492 2760 2565 2818 V.
2600 2756 2698 2818 74:

367 2875 482 2923 cur
521 2877 675 2936 ergo
715 2860 791 2922 de
832 2860 1108 2923 Hostilio
1157 2877 1197 2920 a
1237 2859 1567 2922 nonnullis
1609 2860 1896 2921 eiusdem
1939 2860 2117 2921 aedis
2160 2856 2540 2921 existimato
2582 2873 2699 2918 au-

367 2959 546 3021 ctore
590 2959 838 3020 nullam
884 2958 1278 3021 mentionem
1320 2958 1554 3020 fecisse
1596 2958 1952 3019 credendus
1994 2956 2198 3018 esset?
2237 2989 2319 3001 --
2359 2960 2415 3016 A
2458 2955 2695 3017 Nostro

365 3057 624 3119 videtur
668 3058 989 3136 accepisse
1030 3057 1376 3134 Dionysius
1418 3057 1559 3118 Hal.
1604 3059 1681 3119 R.
1724 3059 1799 3119 R.
1841 3058 1945 3116 VI.
1993 3055 2044 3131 1,
2086 3057 2199 3132 qui
2225 3054 2409 3113 Τῖτον
2451 3050 2697 3129 Λάρκιον

366 3157 433 3219 et
461 3150 729 3228 βασιλέοι
754 3153 1065 3230 Ταρκύνιον
1093 3156 1453 3233 opportune
1481 3154 1655 3218 inter
1687 3154 1847 3216 alios
1874 3153 2192 3215 nominat:
2223 3154 2446 3215 Livius
2480 3154 2699 3217 autem

364 3253 557 3317 11.·21
606 3255 807 3317 aliam
851 3255 1215 3333 opinionem
1259 3254 1502 3317 tuetur.

425 3449 457 3499 2
494 3452 693 3500 inveni
724 3450 767 3499 P
790 3450 863 3515 115
896 3451 1113 3501 luciwm
1144 3449 1249 3498 BP:
1288 3450 1565 3513 Laryiwn
1595 3447 1763 3512 Lugd.
1794 3454 1844 3497 et
1876 3452 2000 3497 vett.
2032 3446 2147 3497 edd.

1437 3825 1637 3904 VIII.

1315 3990 1396 4058 (1.
1433 3988 1493 4044 8.
1531 3989 1568 4044 6
1603 3987 1759 4057 sqq.)

440 4197 471 4233 ‹
507 4179 615 4237 Est
647 4192 829 4251 porro
866 4179 1019 4234 idem
1058 4175 1255 4251 Κρόνος
1298 4175 1399 4233 καὶ
1440 4170 1661 4252 χρόνος.
2756 4188 2795 4242 6

438 4271 596 4325 Hunc
634 4267 985 4337 (Saturnum)
1021 4267 1186 4323 aiunt
1232 4265 1547 4322 abscidisse
1600 4264 1759 4319 Caeli
1811 4264 2003 4335 patris
2057 4262 2339 4334 pudenda,
2390 4218 2596 4331 quibus
2643 4261 2703 4318 in

366 4374 533 4416 mare
568 4357 806 4416 deiectis
841 4359 1121 4414 Venerem
1159 4355 1552 4427 procreatam,
1589 4369 1736 4423 quae
1772 4369 1809 4410 a
1843 4369 2050 4425 spuma
2076 4353 2222 4409 unde
2244 4351 2463 4408 coaluit
2496 4354 2703 4425 Ἀ-φρο

255 4500 260 4505 .
367 4445 496 4519 tarn
535 4463 741 4505 nomen
778 4445 1015 4517 accepit.
1051 4460 1127 4503 ex
1149 4460 1260 4516 quo
1297 4444 1556 4515 intellegi
1594 4444 1819 4514 volunt,
1856 4459 1986 4499 cum
2022 4442 2199 4499 chaos
2223 4443 2400 4515 esset,
2436 4443 2705 4513 tempora
2762 4456 2793 4510 7
