3334 5192
687 409 764 466 18

679 528 857 604 prius
885 528 961 588 de
1002 528 1297 588 omnibus
1323 528 1713 605 loqueretur,
1758 529 1825 590 et
1864 529 1934 589 in
1962 529 2177 605 capite
2217 527 2465 605 positus
2492 528 2658 590 erat.
2680 529 2777 588 En
2805 527 3010 588 verba

679 628 963 707 eiusdem
990 627 1357 703 Augustini:
1387 647 1422 684 ‹<
1455 630 1532 689 In
1559 644 1680 688 sex
1707 627 1929 704 itaque
1965 628 2193 704 primis
2222 627 2300 687 de
2328 625 2699 687 hominibus
2728 626 3005 702 scripsit,

676 724 749 785 in
791 725 1090 785 secundis
1129 741 1246 785 sex
1284 726 1362 786 de
1404 725 1579 801 locis,
1625 741 1745 786 sex
1784 725 2018 788 tertios
2063 725 2141 785 de
2183 724 2602 801 temporibuS,
2658 739 2776 784 sex
2817 739 3010 800 quar-

677 822 778 887 tos
818 823 1195 899 eosdemque
1236 824 1587 900 postremos
1616 824 1693 884 de
1713 825 1908 885 rebus
1939 823 2220 885 absolvit
2245 844 2299 882 ».
2327 825 2551 884 Hexas
2578 821 2781 884 tertia
2808 821 3011 898 igitur

680 937 722 981 a
750 921 1007 1009 *decimo
1045 922 1280 1000 quarto
1312 922 1392 983 ad
1421 923 1742 983 decimum
1782 938 2025 983 nonum
2054 921 2552 999 producebatur:
2593 921 2761 982 liber
2788 921 3010 983 autem

678 1021 757 1081 (16
799 1021 1040 1098 diebuS,
1089 1021 1397 1098 quoniam
1447 1023 1661 1098 prima
1718 1022 1785 1084 et
1825 1021 2156 1084 naturalis
2207 1022 2572 1099 temporum
2627 1021 2861 1083 divisio
2911 1023 3010 1083 est

679 1122 753 1180 in
810 1120 967 1191 dieS‚
1030 1118 1233 1181 totius
1291 1119 1567 1181 hexadis
1622 1121 1801 1197 prior
1854 1119 2227 1180 necessario
2284 1134 2425 1180 esse
2480 1119 2701 1182 debuit
2747 1119 3009 1196 ideoque

677 1219 897 1279 XIV.¹²’·
936 1251 1017 1263 —-
1056 1218 1315 1292 Eadem,
1358 1218 1626 1294 praeter
1682 1219 1962 1280 Gellium
2019 1218 2085 1281 et
2124 1219 2546 1293 Macrobium,
2596 1219 2704 1281 vel
2742 1218 2879 1280 fere
2930 1220 3014 1281 si-

683 1315 866 1375 milia
908 1316 1179 1379 tradunt
1218 1316 1478 1377 Plinius
1520 1317 1597 1377 N.
1640 1319 1720 1377 H.
1761 1317 1837 1378 11.
1869 1314 1967 1393 79,
2002 1317 2391 1378 Censorinus
2420 1317 2498 1379 (16
2526 1318 2630 1379 die
2672 1319 2805 1380 nat.
2832 1334 2888 1380 c.
2915 1316 3012 1395 23,

681 1413 1072 1475 Plutarchus
1114 1415 1371 1482 Quaest.
1416 1417 1595 1476 Rom.
1640 1412 1737 1492 84,
1781 1415 2066 1476 Isidorus
2106 1415 2276 1492 Orig.
2318 1417 2395 1477 V.
2438 1415 2532 1489 30,
2579 1415 2817 1493 aliique
2858 1432 3015 1478 non-

680 1511 847 1574 nulli
888 1515 997 1590 qui
1040 1514 1117 1574 de
1157 1516 1453 1576 Varrone
1497 1512 1910 1590 acceperunt.

747 1689 964 1740 Codices
996 1698 1047 1739 et
1092 1689 1353 1739 editiones
1387 1689 1672 1739 Macrobii:
1709 1689 1752 1738 P
1783 1711 1846 1732 =
1879 1689 2178 1749 ParisinuS,
2233 1691 2275 1738 B
2313 1711 2376 1732 =
2406 1690 2826 1756 BambergensiS,
2863 1691 2925 1740 1²¹
2954 1686 3014 1740 B'

681 1793 745 1813 =
776 1769 932 1819 lectio
965 1769 1208 1819 codicum
1242 1768 1608 1819 emendatione
1641 1769 1906 1821 anterior:
1956 1769 2134 1818 omnia
2172 1776 2231 1819 ut
2268 1769 2323 1818 in
2358 1770 2719 1833 Eyssenhardt
2747 1771 3015 1836 -Lugd.

683 1850 894 1900 nomine
936 1850 1186 1913 optimam
1227 1849 1514 1899 editionem
1555 1849 1797 1915 significo
1840 1850 2089 1914 Lugduni
2129 1865 2213 1900 an.
2262 1849 2388 1901 1556
2426 1857 2706 1900 exaratam.
2768 1853 2924 1901 Ianus
2953 1874 3016 1895 --··

681 1931 941 1982 Macrobii
984 1931 1258 1981 Ambrosii
1302 1931 1592 1981 Theodosii
1637 1945 1797 1995 opera
1840 1945 1978 1995 quae
2021 1938 2305 1995 supersunt
2347 1937 2441 1981 etc.
2483 1932 2683 1981 emend.
2718 1932 3015 1982 Lodovicus

681 2014 857 2073 IanuS,
895 2013 997 2062 vol.
1040 2012 1330 2062 secundum
1374 2011 1765 2076 Quedlinburgi
1798 2018 1850 2060 et
1881 2011 2094 2075 Lipsiae
2129 2011 2266 2061 1852.
2308 2012 2565 2075 Eyssenh.
2599 2034 2663 2054 =
2695 2012 3012 2072 Macrobiu8‚

681 2093 1000 2144 Franciscus
1034 2093 1400 2156 Eyssenhardt
1439 2092 1744 2156 recognovit
1774 2091 1988 2156 Lipsiae
2023 2090 2145 2142 1868
2178 2119 2239 2128 -
2260 2091 2286 2139 1
2309 2107 2541 2141 marcus
2563 2092 2605 2140 B
2628 2091 2672 2141 P
2696 2091 2768 2157 [13
2800 2094 2921 2141 oris
2952 2092 3011 2141 P:

684 2185 929 2239 quatuor
967 2174 1011 2224 P
1047 2180 1098 2223 et
1142 2180 1261 2224 vett.
1294 2174 1409 2222 edd.
1435 2174 1507 2238 114
1540 2173 1813 2222 dividisse
1845 2173 1905 2221 B’
1925 2175 1947 2236 ΙΙ
1967 2172 1998 2220 5
2032 2187 2255 2235 quemos
2281 2174 2291 2235 Ι
2317 2187 2435 2222 ‘nox
2457 2173 2517 2220 B:
2570 2181 2808 2234 sequuta
2847 2173 2892 2220 P
2913 2172 2935 2237 [1
2959 2173 3017 2225 10

683 2256 988 2304 babilonios
1037 2255 1080 2303 B
1126 2253 1196 2303 P:
1248 2263 1495 2303 exorem
1541 2253 1598 2301 B'
1632 2253 1654 2316 Η
1710 2252 1783 2301 13.
1825 2252 1901 2302 14.
1934 2252 1995 2302 15
2033 2252 2295 2302 Calendis
2333 2246 2711 2302 Calendarum
2748 2252 3019 2301 Calendas

683 2334 852 2399 Lugd.
896 2340 948 2384 et
977 2340 1099 2383 vett.
1139 2332 1383 2397 6(1(1.1115
1417 2334 1533 2382 diei
1551 2333 1605 2383 in
1638 2333 1806 2399 Lugd.
1853 2334 1976 2385 Iano
2008 2340 2061 2383 et
2092 2338 2209 2383 cett.
2250 2333 2399 2394 edd.‚
2430 2334 2523 2383 sed
2553 2334 2811 2397 Eyssenh.
2860 2334 3018 2384 habet

683 2415 806 2464 dici
835 2413 978 2478 quod
1010 2412 1353 2477 probabiliter
1384 2415 1467 2464 vel
1501 2414 1796 2477 typothetae
1830 2414 2078 2463 mendum
2112 2413 2319 2462 censeri
2353 2412 2519 2463 debet.

1805 2711 1897 2788 ΙΙ.

1694 2865 1769 2935 (1.
1803 2867 1864 2921 3.
1904 2867 2001 2936 13)

750 3063 781 3100 ‹
816 3047 984 3103 Mane
1018 3043 1216 3103 autem
1251 3043 1470 3101 dictum
1519 3043 1624 3101 aut
1671 3044 1823 3114 quod
1862 3044 1936 3103 ab
1962 3043 2332 3100 inferioribus
2359 3045 2500 3101 locis
2539 3045 2596 3101 id
2633 3046 2725 3102 est
2760 3061 2797 3101 a
2834 3044 3017 3101 Mani-

679 3135 806 3204 bus,
843 3133 1146 3190 exordium
1171 3133 1316 3189 lucis
1340 3134 1623 3204 emergat,
1661 3135 1785 3203 aut,
1819 3133 1971 3202 quod
2006 3135 2204 3190 verius
2245 3134 2388 3189 mihi
2426 3135 2679 3205 videtur,
2719 3135 2792 3190 ab
2828 3135 3017 3191 omine

680 3223 814 3280 boni
850 3225 1113 3280 nominis.
1149 3239 1285 3279 nam
1321 3223 1384 3279 et
1416 3224 1698 3279 Lanuvini
1735 3239 1904 3280 mane
1944 3238 2055 3294 pro
2092 3222 2241 3279 bono
2279 3224 2488 3280 dicunt:
2541 3225 2690 3280 sicut
2724 3224 2877 3295 apud
2912 3239 3016 3281 nos

680 3328 901 3382 quoque
934 3305 1295 3369 con‘trarium
1331 3314 1423 3369 est
1457 3314 1729 3384 immane,
1770 3314 1839 3370 ut
1876 3314 2149 3370 immanis
2186 3310 2355 3370 belua
2387 3314 2482 3370 v'el
2518 3315 2767 3372 immane
2803 3316 3016 3372 facinus

600 3405 631 3446 5
680 3402 742 3459 et
776 3403 884 3459 hoc
918 3416 1097 3474 genus
1131 3401 1326 3458 cetera
1358 3416 1467 3474 pro
1502 3418 1617 3458 non
1652 3402 1818 3460 bon0.
1857 3419 1889 3455 »

755 3688 1134 3750 Doctrinam
1177 3687 1375 3750 istam
1421 3704 1461 3748 a
1499 3689 1798 3749 Varrone
1839 3687 2157 3750 traditam
2189 3687 2393 3749 fuisse
2435 3688 2749 3749 discimus
2775 3688 3017 3765 partim

676 3802 764 3848 ex
805 3785 1026 3847 eodem
1065 3788 1377 3863 Varrone,
1419 3786 1529 3863 qui
1571 3786 1641 3846 in
1684 3787 1870 3847 libris
1910 3787 1990 3848 de
2031 3789 2101 3846 L.
2135 3789 2206 3846 L.
2229 3786 2454 3849 eadem
2492 3785 2873 3848 brevissime
2913 3802 3018 3847 re-

679 3884 877 3961 ponit,
906 3899 1071 3960 quae
1097 3882 1306 3944 fusius
1332 3884 1403 3944 in
1429 3882 1948 3960 Antiquitatibus
1979 3884 2386 3959 exposuerat,
2416 3898 2566 3945 cum
2595 3884 2659 3944 ei
2685 3883 2761 3945 de
2789 3883 3021 3944 iisdem

680 3982 876 4043 rebus
916 3981 1301 4058 loquendum
1342 3982 1466 4055 est;
1523 3995 1678 4043 nam
1728 3981 1800 4042 in
1840 3982 1945 4041 VI.
2001 3981 2042 4038 4
2082 3982 2181 4042 ita
2235 3980 2466 4044 scribit
2505 4000 2544 4042 <
2586 3998 2800 4056 mane,
2853 3980 3022 4059 quod

681 4081 821 4141 tum
862 4080 1097 4141 manat
1137 4080 1274 4141 dies
1319 4080 1401 4140 ab
1428 4080 1701 4152 oriente,
1743 4080 1871 4141 nisi
1912 4079 2125 4156 potius
2152 4078 2318 4154 quod
2360 4078 2603 4140 bonum
2648 4079 2902 4156 antiqui
2928 4079 3023 4140 di-

676 4179 914 4241 cebant
953 4194 1220 4241 manum
1250 4195 1288 4237 »
1328 4178 1473 4240 etc.:
1512 4176 1753 4255 partim
1795 4193 1830 4237 e
1886 4177 2111 4238 Servio
2139 4178 2299 4237 Aen.
2328 4179 2375 4236 I.
2408 4175 2543 4252 143,
2571 4177 2719 4240 Isid.
2745 4177 2915 4253 Orig.
2942 4178 3019 4237 V.

677 4275 777 4338 30.
809 4276 902 4348 14,
946 4277 1134 4338 Festo
1174 4277 1326 4338 XIII
1355 4293 1413 4353 p.
1444 4274 1562 4333 157
1590 4291 1699 4352 sq„
1736 4275 2006 4352 aliisque
2046 4273 2272 4335 multis
2298 4274 2526 4337 Nostri
2571 4274 2857 4337 auctoris
2884 4274 3023 4337 stu-

680 4376 1084 4437 diosissimis.
1145 4377 1241 4436 Ne
1303 4372 1596 4451 prolixus
1658 4373 1832 4449 fiam,
1897 4372 2128 4433 Isidori
2190 4372 2393 4436 verba
2446 4374 2713 4435 ‘tantum
2776 4372 3023 4449 allego:

682 4493 721 4531 ⁴<
759 4473 1005 4537 dictum
1046 4473 1145 4535 est
1184 4487 1378 4534 mane
1425 4489 1465 4533 a
1508 4485 1729 4533 mano:
1759 4486 2027 4532 manum
2057 4470 2230 4529 enim
2276 4470 2528 4548 antiqui
2560 4471 2797 4534 bonum
2839 4470 3032 4532 dixe-

3075 3044 3151 3098 13
