3334 5192
2611 389 2702 452 55·
2720 395 2729 444 ἶ

348 503 533 573 lium,
557 504 770 567 decies
813 505 1049 569 vicerit
1078 522 1132 565 ».
1163 506 1287 571 Sed
1316 506 1585 569 Merkel.
1615 508 1697 569 ad
1724 506 1903 569 Ovid.
1936 507 2109 571 Fast.
2133 525 2190 584 p.
2222 508 2490 581 CXVIII,
2519 510 2695 585 post—

350 603 578 672 habita
618 603 831 667 Servii
872 605 939 668 et
965 605 1279 666 Macrobii
1312 604 1722 678 auctoritate,
1768 607 1943 668 huno
1989 605 2206 671 locum
2245 607 2486 671 tribuit
2528 608 2696 670 libro
2727 626 2733 665 1

349 704 424 764 V.
468 706 618 765 Rer.
659 704 803 764 Div.
843 703 923 764 de
961 702 1238 775 sacellis,
1281 702 1350 766 et
1373 703 1653 766 fortasse
1686 705 1948 777 rectius;
1978 720 2133 766 nam
2164 706 2275 766 hic
2300 722 2433 767 non
2473 707 2696 782 agitur

349 799 430 862 de
464 800 828 877 quindecim
870 801 1036 864 viris
1078 816 1428 878 sacrorum,
1470 803 1547 865 ut
1588 803 1659 863 in
1703 801 1813 863 lib.
1853 805 1958 876 VI,
2001 819 2240 865 verum.
2274 804 2350 865 de
2392 804 2696 865 Herculis

360 899 636 963 Victoris
679 899 814 963 aris
857 901 924 962 et
962 899 1188 963 sacris

417 1066 443 1114 1
476 1068 689 1117 Rerum
721 1068 1062 1118 divi-narum
1092 1067 1258 1132 Lugd.
1292 1074 1344 1117 et
1375 1072 1495 1117 vett.
1546 1067 1661 1117 edd.
1687 1067 1760 1132 112
1811 1068 2163 1118 animalium
2207 1083 2385 1134 yenus
2427 1068 2591 1136 Lugd.
2645 1074 2697 1119 et

356 1145 526 1210 aliqq:
553 1147 667 1196 edd.

1390 1386 1663 1462 XLVL

1331 1538 1475 1610 (ΠΙ.
1512 1542 1572 1596 e.
1611 1542 1714 1611 17)

427 1738 463 1779 «
496 1723 840 1781 custoditur
874 1723 933 1780 in
967 1723 1170 1780 eodem
1205 1724 1332 1780 loeo
1372 1723 1544 1794 (apud
1577 1736 1745 1779 aram
1783 1721 2124 1792 Maximam)
2159 1722 2229 1779 ut
2265 1736 2465 1778 omnes
2489 1721 2697 1792 aperto
2754 1724 2826 1780 17

355 1813 544 1884 capite
579 1826 748 1871 saera
781 1813 1008 1869 faciant.
1047 1812 1155 1869 hoc
1191 1812 1259 1869 fit
1296 1828 1366 1868 ne
1400 1814 1532 1882 quis
1567 1813 1627 1868 in
1662 1812 1933 1869 aededei
1969 1812 2236 1868 habitum
2260 1813 2385 1867 eius
2410 1811 2698 1874 imitetur,

356 1918 491 1961 nam
526 1904 653 1974 ipse
687 1902 769 1957 ibi
803 1903 1010 1973 operto
1047 1904 1141 1959 est
1174 1904 1380 1973 eapite.
1418 1905 1608 1959 Varro
1644 1903 1731 1958 ait
1786 1904 2069 1959 Graecum
2123 1901 2273 1957 huno
2307 1915 2436 1957 esse
2471 1916 2699 1959 morem

356 1992 490 2061 quia
526 1993 650 2048 sive
684 1993 810 2063 ipse
847 1993 971 2048 sive
1005 1993 1102 2061 qui
1138 1992 1213 2048 ab
1248 2007 1318 2048 eo
1355 1992 1551 2049 relicti
1577 2006 1747 2048 aram
1770 1993 2091 2049 Maximam
2119 1992 2453 2049 statuerunt
2477 1993 2698 2049 Graeco

360 2081 482 2139 ritu
520 2082 1011 2138 sacrificaverunt.
1052 2100 1084 2134 »

440 2280 655 2341 Verba
694 2297 860 2356 quae
900 2281 1010 2341 hio
1050 2281 1358 2342 dicuntur
1397 2281 1715 2342 Varronis
1756 2278 1956 2343 habet
1995 2280 2130 2357 Bip.
2196 2279 2392 2342 editio
2454 2296 2514 2356 p.
2556 2277 2699 2340 357.

362 2382 525 2442 Rem
563 2379 736 2440 disce
779 2395 823 2440 a
864 2381 1088 2441 Servio
1131 2385 1289 2442 Aen.
1320 2383 1425 2441 111.
1462 2378 1580 2438 407
1621 2399 1657 2440 <<
1690 2382 1859 2441 Sane
1889 2380 2219 2440 sciendum
2250 2377 2702 2440 sacrificantes

362 2478 485 2537 diis
526 2479 821 2538 omnibus
861 2479 1058 2555 eaput
1097 2479 1318 2540 velare
1381 2481 1719 2541 consuetos
1758 2479 1837 2540 ob
1886 2480 2023 2549 hoc,
2069 2493 2151 2537 ne
2211 2493 2280 2538 se
2340 2476 2516 2537 inter
2553 2475 2703 2535 reli-

362 2576 618 2651 gionem
660 2576 900 2654 aliquid
919 2577 1108 2652 vagis
1136 2577 1401 2638 offerret
1437 2576 1767 2639 obtutibus
1809 2577 2077 2654 excepto
2104 2575 2365 2638 tantum
2394 2573 2700 2647 Saturno,

363 2690 444 2734 ne
485 2674 774 2734 numinis
813 2674 1102 2738 imitatio
1142 2691 1280 2736 esse
1320 2675 1671 2751 videretur,
1702 2676 1857 2753 quia
1887 2675 2209 2737 Saturnus
2237 2673 2454 2734 velato
2483 2672 2699 2748 capite

364 2771 451 2831 ibi
492 2772 806 2833 cernitur.
847 2774 929 2835 Et
956 2773 1223 2833 Herculi
1252 2772 1587 2850 intemplo
1616 2789 1751 2843 suo,
1782 2774 1937 2850 quia
1966 2773 2033 2836 et
2059 2773 2194 2849 ipse
2236 2771 2451 2848 eapite
2480 2772 2703 2845 operto

364 2871 477 2942 est,
521 2871 626 2931 vel
686 2872 842 2948 quia
900 2871 1027 2931 hae
1077 2887 1237 2933 arae
1300 2873 1454 2934 ante
1518 2872 1869 2933 adventum
1929 2875 2186 2932 Aeneae
2230 2887 2271 2931 a
2311 2873 2553 2930 Iunone
2593 2868 2699 2939 vel

364 2969 664 3029 Evandro
703 2971 1126 3033 consecratae
1169 2970 1302 3032 sint
1343 2987 1399 3030 ».
1443 2970 1662 3031 Etiam
1702 2970 1812 3031 hio
1852 2970 2172 3031 Varronis
2214 2968 2394 3029 locus
2438 2966 2603 3026 libro
2626 2967 2699 3026 V.

363 3069 505 3128 Rer.
547 3068 685 3130 Div.
729 3068 933 3130 tribui
997 3069 1220 3145 potest,
1282 3067 1387 3129 vel
1449 3068 1684 3129 saltem
1747 3070 1835 3130 VI
1882 3068 1960 3129 de
2020 3067 2230 3129 sacris
2295 3064 2582 3136 aedibus;
2629 3064 2706 3124 at

363 3170 626 3231 Merkel.
676 3170 756 3230 ad
799 3169 977 3232 Ovid.
1019 3170 1193 3231 Fast.
1238 3186 1295 3245 p.
1340 3168 1590 3246 CXXX,
1657 3167 1878 3228 nescio
1938 3180 2069 3243 qua
2130 3182 2213 3226 ex
2272 3180 2495 3239 eausa,
2552 3178 2699 3222 eum
2759 3150 2762 3157 ’

366 3267 571 3330 refert
614 3267 694 3328 ad
736 3269 883 3329 XVI
923 3268 998 3327 de
1041 3266 1140 3327 dis
1184 3267 1459 3328 selectis,
2733 3252 2739 3257 ’

432 3465 457 3513 1
491 3475 617 3528 apto
651 3479 746 3529 pro
779 3472 968 3528 aperto
1000 3464 1042 3512 B
1066 3463 1087 3527 ΙΙ
1107 3462 1138 3511 3
1171 3464 1351 3526 eapite
1397 3471 1477 3511 est
1520 3462 1579 3512 B.
1629 3460 1796 3525 Lugd.
1831 3466 1884 3510 et
1912 3459 2075 3524 aliqq.
2121 3458 2238 3509 edd.
2263 3458 2283 3523 ss
2305 3459 2336 3507 4
2366 3457 2472 3519 qui
2504 3471 2603 3507 om.
2637 3458 2700 3507 P.

367 3547 564 3603 relicta
594 3546 652 3595 B.
687 3546 831 3608 quia
863 3558 1027 3593 aram
1059 3543 1225 3608 Lugd.
1261 3549 1314 3591 et
1343 3541 1503 3606 aliqq.
1538 3543 1665 3593 edd.

1376 3768 1692 3849 XLVII.

1324 3927 1466 3998 (111.
1526 3927 1622 3981 12.
1681 3927 1739 3999 3)

435 4126 468 4166 «
503 4108 748 4166 Constat
780 4107 1009 4177 quidem
1046 4121 1192 4162 nuno
1227 4105 1394 4161 lauro
1432 4102 1825 4160 sacrificantes
1861 4103 2014 4174 apud
2049 4115 2216 4157 aram
2251 4097 2570 4156 Maximam
2606 4111 2703 4151 eo·
2760 4104 2800 4158 3

366 4200 565 4257 ronari
619 4198 722 4254 sed
772 4196 959 4252 multo
1011 4197 1148 4267 post
1202 4197 1454 4251 Romam
1510 4193 1806 4250 conditam
1859 4191 2000 4248 haee
2053 4189 2403 4247 consuetudo
2455 4186 2706 4256 sumpsit

362 4289 687 4357 exordium,
724 4286 1034 4358 postquam
1059 4286 1119 4342 in
1140 4285 1421 4342 Aventino
1461 4284 1693 4339 laurum
1723 4283 1915 4353 coepit
1936 4281 2153 4351 virere,
2178 4293 2352 4349 quam
2381 4291 2509 4332 rem
2534 4274 2705 4332 docet
2749 4282 2754 4289 ’

366 4381 558 4436 Varro
594 4379 992 4437 Humanarum
1027 4374 1175 4431 libro
1215 4374 1476 4431 secundo.
1515 4389 1547 4424 »
2309 4370 2316 4377 ’
