3334 5192
602 412 682 470 14

598 530 739 607 pias
811 530 890 591 ad
948 528 1225 605 Augusti
1286 526 1354 590 et
1415 542 1859 589 successorum
1928 526 2216 590 aetatem
2285 526 2702 605 pertinentia,
2772 528 2940 590 nihil

599 629 894 690 invenies
953 626 1121 704 quod
1182 626 1255 686 in
1315 626 1757 686 Varronianis
1820 625 2121 702 operibus
2182 624 2361 702 prius
2403 641 2532 688 non
2595 626 2938 701 exstiterit,

604 728 892 789 maxime
934 727 1005 786 in
1046 723 1522 801 Antiquitatum
1562 722 1766 799 libris,
1809 725 1887 786 ut
1926 723 2200 785 inferius
2242 723 2507 801 patebit.
2546 725 2940 804 Quicumque

602 825 810 903 igitur
849 823 1115 885 fuerunt
1156 821 1499 899 scriptores
1543 837 1578 881 e
1620 821 1854 897 quibus
1895 821 2263 883 Macrobius
2293 822 2534 895 hausit,
2576 824 2939 886 Varronia-

602 941 760 986 nam
820 923 1185 985 doctrinam
1244 920 1472 982 hausit
1511 935 1628 997 per
1668 935 1894 981 eorum
1938 919 2138 981 libros
2192 920 2643 984 transductam
2699 923 2766 985 et
2791 938 2942 999 per-

600 1022 931 1095 fluentem3
972 1036 1104 1082 non
1145 1034 1399 1097 semper
1439 1018 1669 1080 iisdem
1727 1017 1945 1079 verbis
1988 1034 2376 1096 expressam,
2434 1018 2666 1095 quibus
2711 1020 2941 1083 auctor

600 1137 750 1183 eam
813 1117 1439 1193 communicaverat,
1483 1114 1663 1194 (nam
1707 1116 1935 1180 notum
1979 1117 2079 1178 est
2122 1116 2534 1193 antiquorum
2577 1118 2940 1181 sententias

606 1235 647 1282 a
686 1217 1038 1279 serioribus
1078 1214 1530 1292 grammaticis
1571 1214 1770 1275 nimis
1813 1213 2221 1290 negligenter
2263 1215 2329 1276 et
2370 1213 2697 1276 liberrime
2739 1215 2940 1279 fuisse

595 1315 860 1396 editas),
923 1316 1030 1376 sed
1072 1314 1257 1375 modo
1297 1312 1655 1389 genuinam
1698 1312 1766 1374 et
1808 1313 1944 1375 late
1984 1312 2337 1391 patentem,
2402 1313 2588 1375 modo
2633 1315 2942 1392 compila-

601 1417 742 1479 tam
784 1415 850 1478 et
887 1411 1315 1487 contractam,
1358 1411 1551 1488 prout
1589 1410 1946 1474 imitatoris
2012 1409 2362 1473 arbitrium
2418 1410 2521 1472 vel
2576 1414 2938 1476 necessitas

602 1515 874 1579 ferebat.
934 1513 1043 1577 Nil
1087 1512 1332 1573 mirum
1372 1512 1596 1589 itaque
1636 1513 1699 1571 si
1739 1511 2001 1587 saepius
2063 1509 2330 1572 Reatini
2375 1508 2713 1587 scriptoris
2753 1511 2941 1573 testi-

602 1614 818 1675 monio
859 1628 1027 1690 quae
1058 1611 1265 1673 sumit
1293 1608 1725 1671 exscribenda
1753 1608 2008 1671 invenit
2035 1608 2443 1681 confirmata,
2487 1623 2634 1668 cum
2664 1623 2745 1669 ea
2771 1624 2939 1686 quae

601 1710 848 1774 nullius
891 1707 1287 1771 auctoritate
1328 1707 1635 1769 videntur
1662 1705 1902 1784 fulciri,
1933 1706 2244 1784 prudente
2286 1706 2389 1768 vel
2427 1706 2660 1782 ignaro
2687 1707 2939 1770 Macro·
3030 1753 3036 1759 .

601 1809 726 1883 bio,
774 1808 854 1870 ab
896 1807 1112 1870 eadem
1152 1806 1333 1869 fonte
1374 1805 1697 1868 scateant.

679 1905 1213 1970 saturnaliorum
1253 1903 1406 1965 libri
1446 1904 1559 1981 qui
1603 1902 1817 1980 magis
1855 1903 2276 1965 Varroniana
2317 1904 2585 1981 sapiunt
2623 1905 2780 1969 sunt
2803 1905 2941 1983 qui-

594 2008 742 2068 dem
784 2007 1034 2084 primus
1077 2019 1157 2066 ac
1198 2003 1464 2066 tertius:
1507 2003 1580 2064 in
1618 2001 1724 2064 his
1768 2002 1943 2063 enim
2007 2002 2292 2080 plurima
2351 2003 2725 2081 traduntur,
2768 2020 2939 2082 quae

599 2104 737 2165 iam
790 2102 1058 2165 fuerant
1114 2118 1156 2162 a
1207 2101 1367 2162 Viro
1427 2100 1800 2163 doctissimo
1859 2101 1931 2161 in
1990 2101 2504 2177 Antiquitatibus
2561 2102 2938 2180 explanata.

599 2204 769 2264 Nam
807 2201 1060 2278 primus
1101 2216 1184 2261 ea
1223 2197 1686 2276 complectitur,
1730 2215 1897 2275 quae
1956 2198 2290 2276 pertinent
2337 2200 2417 2261 ad
2459 2200 2939 2263 institutionem

605 2317 682 2362 ac
722 2299 1102 2362 divisionem
1163 2298 1292 2359 diei
1347 2297 1580 2370 civiliS,
1627 2297 1708 2358 ad
1752 2297 2281 2359 saturnaliorum
2321 2299 2656 2374 solemnia,
2702 2301 2785 2361 ad
2826 2304 2941 2363 Sa-

597 2399 782 2461 turni
823 2398 1090 2475 Ianique
1138 2413 1285 2460 aras
1320 2395 1567 2474 templa
1608 2395 1676 2458 et
1717 2395 1973 2473 festum,
2020 2397 2102 2458 ad
2144 2399 2466 2460 mensium
2506 2400 2687 2476 prius
2733 2417 2773 2461 a
2812 2404 2938 2463 Ro·

600 2498 777 2559 mulo
837 2496 990 2558 dein
1055 2512 1096 2557 a
1154 2497 1371 2558 Numa
1423 2494 1846 2573 partitionem
1907 2494 2154 2558 factam
2213 2512 2449 2560 nomen
2514 2514 2592 2560 ac
2650 2501 2939 2563 nominis

600 2596 944 2672 originem,
992 2594 1072 2656 ad
1113 2594 1375 2656 variam
1418 2590 1489 2654 in
1529 2593 1738 2655 variis
1779 2592 2177 2670 temporibus
2239 2596 2397 2657 anni
2438 2596 2937 2675 ordinationem,

601 2695 685 2757 ad
725 2693 1174 2756 Kalendarum
1217 2694 1558 2754 Nonarum
1601 2693 1795 2769 atque
1837 2691 2064 2754 Iduum
2106 2693 2651 2769 significationem
2683 2699 2939 2774 ac'pro-

600 2794 938 2872 prietateS,
985 2792 1068 2853 ad
1109 2792 1245 2854 dies
1286 2790 1482 2883 festos
1522 2791 1840 2870 profestos
1875 2790 2078 2855 fastos
2107 2792 2246 2866 etc„
2281 2793 2362 2854 ad
2406 2793 2767 2870 aliquorum
2794 2795 2939 2859 deo-

597 2909 742 2954 rum
770 2892 1106 2971 physicam
1134 2890 1747 2969 interpretationem
1780 2891 1971 2968 atque
1997 2892 2175 2954 inter
2201 2908 2340 2954 sese
2363 2895 2933 2971 comparationem,

599 2991 856 3068 aliaque
896 2988 1217 3052 nonnulla
1258 2989 1324 3051 id
1367 3004 1589 3065 genus;
1630 3004 1801 3065 quae
1840 2989 2063 3051 omnia
2101 2992 2428 3051 neminem
2457 2991 2625 3054 latet
2662 2992 2864 3055 fuisse
2895 2988 2966 3056 a‘

595 3091 891 3151 Varrone
933 3105 1018 3150 ex
1056 3087 1350 3165 professo
1378 3086 1763 3164 disceptata.
1795 3086 2055 3149 Tertius
2100 3088 2338 3166 autem,
2370 3090 2566 3167 capta
2592 3093 2934 3155 occasione

599 3189 968 3268 aliquarum
1020 3188 1296 3265 Vergilii
1350 3187 1708 3250 dictionum
1751 3187 2306 3265 explicandarum,
2364 3189 2440 3251 de
2481 3190 2672 3253 rebus
2726 3193 2935 3254 sacris

596 3288 887 3367 profanis
928 3288 1178 3350 sanctis
1219 3287 1287 3350 et
1327 3286 1650 3363 religiosis
1691 3285 1971 3360 disserit,
2013 3286 2092 3348 de
2133 3287 2231 3349 dis
2273 3287 2339 3351 et
2379 3289 2648 3351 deorum
2690 3291 2936 3369 suppli-

596 3387 718 3449 ciis
760 3389 1201 3449 Romanorum
1261 3384 1557 3463 propriiS,
1601 3384 1678 3446 de
1740 3383 1839 3445 dis
1898 3383 2325 3447 externarum
2387 3387 2681 3463 gentium
2739 3389 2933 3466 atque

597 3484 960 3561 sacrificiiS,
1014 3484 1092 3545 de
1130 3482 1316 3546 festis
1358 3481 1873 3545 dedicationibus
1918 3499 1997 3545 ac
2037 3482 2313 3560 ritubuS,
2358 3485 2436 3546 de
2477 3480 2656 3549 cenis
2697 3487 2933 3549 trium-

595 3582 741 3662 phis
786 3582 1095 3645 tricliniis
1147 3580 1610 3644 saltationibus
1651 3582 1720 3644 et
1758 3582 1936 3643 omni
1974 3597 2212 3658 genere
2254 3582 2580 3664 luxuriae,
2623 3585 2701 3647 de
2741 3586 2934 3663 pisci-

595 3684 715 3745 bus
774 3681 968 3759 gulae
1029 3680 1440 3742 suavioribus
1504 3695 1582 3741 ac
1643 3680 1723 3742 de
1783 3679 2112 3741 nonnullis
2167 3681 2330 3741 cibis
2386 3683 2932 3760 exquisitissimis,

592 3781 799 3859 deque
844 3779 995 3841 aliis
1035 3778 1427 3851 istiusmodi3
1469 3794 1638 3856 quae
1678 3778 1931 3855 pariter
1970 3778 2140 3839 idem
2181 3780 2414 3857 Varr0,
2458 3781 2532 3843 ut
2570 3796 2793 3841 omnes
2819 3780 2935 3842 no-

591 3880 767 3956 runt,
811 3877 1306 3954 diligentissime
1326 3876 1780 3954 pertractavit.
1810 3877 1883 3937 In
1914 3876 2150 3939 ceteris
2187 3876 2389 3956 libris,
2431 3879 2507 3941 ut
2533 3894 2710 3940 nunc
2734 3879 2930 3941 habe-

591 3993 756 4054 muS,
792 3993 924 4040 non
967 3975 1226 4038 videtur
1253 3974 1621 4037 Macrobius
1648 3974 2083 4036 Varronianis
2125 3975 2375 4038 divitiis
2416 3976 2544 4039 nisi
2584 3979 2930 4040 rarissime

588 4075 990 4152 honestatuS,
1031 4074 1444 4152 Vergilianos
1474 4073 1864 4150 interpretes
1905 4075 1971 4136 et
2009 4089 2265 4150 gramm
2274 4075 2478 4137 aticos
2520 4077 2711 4139 satur
2747 4078 2931 4155 expi-

593 4172 785 4235 lasse.
825 4172 1005 4234 Inter
1045 4171 1269 4248 capita
1309 4187 1464 4233 vero
1523 4170 1756 4247 quibus
1818 4170 2127 4234 coalescit
2187 4171 2355 4233 liber
2414 4173 2681 4250 primus,
2719 4175 2930 4252 quoad

591 4272 907 4334 Varronis
947 4270 1237 4334 locorum
1276 4269 1531 4347 copiam
1572 4270 1642 4330 in
1686 4268 1781 4331 eis
1822 4269 2245 4346 exstantium,
2281 4270 2454 4332 ‘haec
2492 4273 2670 4335 ratio
2722 4273 2929 4336 inter—

591 4369 795 4431 cedit:
837 4371 909 4430 in
950 4368 1275 4447 capitibus
1315 4369 1437 4430 XII
1480 4367 1547 4430 et
1585 4368 1734 4428 XVI
1775 4367 1988 4428 maior
2014 4383 2322 4430 numerus
2359 4371 2750 4448 continetur,
2778 4387 2930 4449 pro-

591 4467 842 4529 ximum
902 4468 987 4529 iis
1050 4466 1303 4530 accedit
1343 4466 1541 4544 caput
1578 4466 1715 4542 XV,
1761 4465 2126 4542 sequuntur
2185 4468 2409 4546 capita
2462 4470 2554 4530 IX
2595 4469 2661 4533 et
2700 4471 2779 4548 X,
2822 4486 2930 4548 pe-
