3334 5192
2645 396 2721 457 41

266 531 334 576 3ο
382 536 453 578 eo
507 522 603 578 die
650 522 880 593 plenam
917 521 1165 592 speciem
1201 519 1339 576 luna
1383 517 1762 575 demonstret.
1818 516 1954 574 sunt
2000 516 2099 587 qui
2132 515 2446 573 aestiment
2481 516 2612 573 Idus
2648 516 2723 572 ab

385 628 494 669 ove
529 611 673 669 Iduli
707 611 916 681 dietae,
950 625 1126 680 quam
1160 609 1269 667 hoc
1303 610 1532 667 nomine
1556 608 1768 666 vocant
1801 606 1974 663 Tusci
2010 606 2074 663 et
2094 605 2361 662 omnibus
2383 605 2578 662 Idibus
2599 606 2722 662 Iovi

385 701 725 759 immolatur
761 715 798 757 a
837 700 1086 757 flamine.
1124 713 1161 755 »

464 1010 700 1072 Omnia
752 1025 920 1088 quae
970 1010 1041 1071 in
1082 1009 1221 1072 loco
1261 1010 1391 1071 isto
1449 1009 1809 1071 traduntur
1851 1010 2127 1071 maximi
2189 1010 2370 1075 certe
2411 1011 2722 1073 momenti

386 1109 559 1189 sunt,
594 1109 788 1186 atque
831 1109 903 1169 in
927 1108 1244 1170 Varronis
1274 1108 1803 1186 Antiquitatibus
1829 1110 2048 1187 procul
2077 1108 2268 1172 dubio
2295 1108 2723 1172 contineban-

383 1207 527 1282 tur,
561 1207 631 1267 et
668 1208 812 1268 veri
853 1205 1160 1267 similiter
1202 1206 1275 1267 in
1314 1207 1463 1267 XIV
1503 1209 1651 1267 Rer.
1696 1209 1883 1269 Hum.
1927 1208 2005 1269 de
2045 1207 2285 1269 diebus,
2330 1210 2418 1269 De
2459 1224 2580 1285 quo
2622 1224 2723 1269 me

380 1306 729 1367 certiorem
759 1304 1013 1368 faciunt
1043 1319 1283 1381 magna
1314 1321 1396 1366 ex
1424 1305 1613 1382 parte
1642 1305 1811 1367 idem
1840 1308 2070 1382 Varr0‚
2095 1307 2163 1368 et
2189 1324 2273 1369 ex
2302 1307 2558 1385 reliqua
2583 1308 2724 1368 eius

382 1403 772 1464 imitatores.
814 1405 987 1464 Nam
1028 1403 1099 1464 in
1141 1405 1211 1462 L.
1254 1404 1328 1463 L.
1367 1404 1472 1463 VI.
1527 1400 1609 1460 27
1675 1404 1743 1464 et
1794 1401 1876 1462 28
1928 1405 2096 1465 haec
2135 1405 2213 1466 de
2267 1404 2493 1467 diebus
2536 1422 2724 1483 repo-

383 1502 653 1563 nuntur:
698 1522 733 1559 «
776 1501 983 1562 Primi
1023 1492 1160 1562 dies
1203 1501 1521 1562 mensium
1561 1502 1889 1563 nominati
1933 1503 2259 1565 calendae
2318 1505 2416 1588 ab⁸
2446 1520 2521 1566 eo
2561 1504 2724 1582 quod

380 1601 484 1662 his
524 1600 749 1661 diebus
788 1598 1105 1661 celantur
1136 1598 1276 1659 eius
1303 1599 1545 1660 mensis
1573 1601 1799 1662 Nonae
1830 1618 1870 1662 a
1902 1601 2334 1679 pontificibuS‚
2364 1602 2724 1680 quintanae

383 1713 471 1760 an
511 1697 917 1775 septimanae
960 1697 1095 1758 sint
1138 1696 1419 1769 futurae,
1450 1698 1521 1758 in
1550 1699 1872 1776 Capitolio
1900 1701 1971 1761 in
2000 1700 2201 1761 Curia
2229 1700 2511 1762 Calabra
2540 1701 2636 1762 sic
2667 1722 2721 1761 ».

376 1797 503 1869 etc.
549 1817 582 1853 «
626 1797 853 1857 Nonae
897 1794 1266 1873 appellatae
1307 1796 1468 1857 sunt
1512 1796 1631 1858 aut
1669 1798 1838 1874 quod
1883 1799 2037 1859 ante
2079 1800 2247 1861 diem
2291 1815 2536 1861 nonum
2577 1801 2725 1862 Idus

382 1910 649 1971 semper,
697 1895 814 1956 aut
853 1894 1032 1972 quod,
1078 1894 1156 1955 ut
1197 1909 1405 1956 novus
1451 1911 1660 1959 annus
1702 1895 2016 1957 calendae
2044 1898 2401 1959 Ianuariae
2433 1896 2513 1959 ab
2554 1912 2724 1960 novo

376 1993 515 2054 sole
560 1993 942 2071 appellatae,
985 2009 1194 2053 novus
1237 1992 1478 2053 mensis
1524 1992 1605 2054 ab
1645 2009 1820 2054 nova
1860 1993 2024 2057 luna
2065 1995 2287 2056 Nonis
2343 1996 2579 2057 Eodem
2620 1995 2724 2057 die

384 2091 455 2150 in
497 2089 724 2152 urbem
769 2090 849 2161 ab
894 2091 1072 2168 agris
1116 2090 1198 2153 ad
1238 2107 1455 2167 regem
1505 2092 1936 2155 conveniebat
1990 2093 2275 2171 populus.
2325 2096 2576 2157 Harum
2618 2110 2725 2155 re-

382 2205 530 2249 rum
593 2189 876 2264 vestigia
916 2189 987 2250 in
1029 2189 1234 2250 sacris
1298 2189 1663 2252 Nonalibus
1728 2191 1797 2252 in
1864 2208 2030 2265 arce,
2086 2193 2250 2270 quod
2295 2194 2460 2255 tunc
2521 2192 2724 2257 ferias

382 2289 630 2365 primas
671 2289 1043 2349 menstruas
1097 2303 1266 2366 quae
1307 2287 1578 2350 suturae
1620 2289 1758 2351 sint
1805 2307 1882 2353 eo
1922 2307 2141 2352 mense
2195 2307 2316 2353 rex
2365 2292 2565 2353 edicit
2613 2307 2725 2369 po-

382 2387 548 2465 pulo.
590 2387 746 2449 Idus
791 2387 872 2449 ab
912 2404 987 2450 eo
1028 2388 1195 2465 quod
1238 2388 1435 2449 Tusci
1476 2387 1631 2459 ltus,
1674 2387 1781 2450 vel
1809 2389 2020 2465 potius
2040 2389 2202 2466 quod
2230 2389 2458 2450 Sabini
2486 2390 2640 2452 Idus
2666 2410 2722 2449 ».

381 2486 625 2548 Eadem
670 2485 803 2547 fere
863 2484 1064 2546 habet
1113 2485 1189 2546 de
1243 2486 1436 2547 curia
1488 2485 1772 2547 Calabra
1832 2487 2104 2548 Servius
2157 2489 2309 2547 Aen.
2368 2489 2543 2570 Vm.
2582 2487 2723 2549 654.

376 2583 603 2654 Quoad
643 2585 872 2645 varias
913 2583 1139 2645 Iduum
1184 2584 1785 2660 interpretationes
1828 2600 2000 2661 quae
2030 2601 2071 2645 a
2120 2584 2435 2647 vocabulo
2478 2606 2514 2642 «κ
2542 2586 2659 2647 Itis
2690 2603 2727 2645 »

380 2680 629 2759 petitur
668 2697 705 2742 e
744 2683 1040 2743 Varrone
1080 2681 1263 2743 certo
1317 2681 1596 2758 profluit,
1640 2698 1798 2744 nam
1861 2682 1918 2745 is
1960 2683 2127 2745 nihil
2178 2684 2518 2760 rescripsit
2559 2683 2726 2760 quod

383 2780 525 2842 loco
561 2796 682 2841 suo
723 2794 855 2841 non
896 2779 1305 2857 explicuerit:
1347 2796 1517 2857 quae
1560 2781 1782 2842 autem
1841 2781 1923 2842 ab
1982 2777 2113 2840 ἰδεῖν
2154 2782 2220 2842 et
2263 2779 2378 2841 ἀπὸ
2416 2784 2519 2840 τοῦ
2554 2778 2728 2849 εἴδους

380 2878 757 2956 exposcitur
796 2879 1138 2941 invenitur
1165 2880 1236 2940 in
1266 2878 1580 2941 Plutarch
1610 2882 1680 2948 Q.
1711 2882 1784 2943 R.
1815 2879 1894 2939 24
1921 2881 1989 2942 et
2017 2882 2087 2941 in
2115 2882 2315 2953 Laur.⁴
2346 2882 2499 2959 Lyd.
2530 2882 2637 2943 III.
2667 2880 2728 2941 7:

374 2990 551 3053 quae
593 2976 845 3038 demum
892 2999 926 3033 »
972 2976 1053 3039 ab
1099 2993 1217 3039 ove
1258 2976 1424 3039 Iduli
1467 2999 1503 3036 >
1561 2978 1815 3040 eruitur
1869 2978 2110 3056 legitur
2166 2980 2372 3041 etiam
2433 2981 2505 3042 in
2545 2979 2725 3041 Ovid.

384 3075 562 3136 Fast.
605 3076 653 3134 1.
695 3073 776 3133 57
816 3075 884 3136 et
923 3072 1044 3133 597
1085 3092 1270 3154 seqq.‚
1317 3077 1389 3137 in
1431 3077 1623 3139 Festo
1669 3094 1771 3156 ap.
1817 3078 2094 3141 Paulum
2121 3082 2212 3145 IX
2240 3097 2298 3157 p.
2331 3078 2447 3141 104
2487 3079 2724 3156 Muell.,

385 3174 454 3235 et
494 3175 564 3235 in
606 3176 825 3237 eodem
865 3177 1065 3237 Laur.
1108 3177 1262 3253 Lyd.
1302 3176 1421 3237 loc.
1465 3175 1577 3237 cit.
1630 3177 1830 3254 Atqui
1851 3193 2041 3239 nemo
2067 3178 2179 3254 qui
2212 3178 2482 3239 Reatini
2524 3179 2727 3256 scrip-

382 3273 550 3334 toris
591 3273 874 3335 indolem
928 3275 999 3335 et
1052 3274 1287 3350 agendi
1342 3273 1671 3337 rationem
1724 3275 1914 3337 novit
1964 3274 2252 3337 inficiari
2304 3276 2521 3353 potest
2575 3292 2727 3338 eum

382 3370 674 3433 omnium
717 3371 1176 3433 vocabulorum
1219 3384 1388 3448 quae
1423 3371 1827 3434 declaranda
1851 3373 2253 3450 suscipiebat
2278 3375 2572 3437 diversas
2598 3376 2729 3437 ori-

383 3469 568 3544 gines
612 3468 805 3546 atque
846 3469 1358 3545 significationes
1407 3469 1712 3531 attulisse
1768 3486 1810 3532 a
1858 3468 2073 3548 seipso
2113 3472 2218 3533 vel
2263 3471 2344 3534 ab
2389 3473 2540 3535 aliis
2579 3474 2727 3534 tra-

372 3567 576 3640 «ditas,
623 3565 721 3627 nti
762 3567 969 3628 etiam
1011 3568 1115 3628 est
1154 3568 1375 3629 videre
1417 3568 1486 3628 in
1528 3567 1673 3629 eius
1713 3567 1898 3630 libris
1939 3571 2052 3648 qui
2095 3570 2383 3632 exstant.

448 3823 719 3875 2kalabre
739 3825 801 3875 B:
826 3826 1068 3874 calatam
1088 3838 1185 3887 pro
1213 3825 1511 3875 Calabram
1533 3824 1591 3875 in
1611 3825 1775 3890 aliqq.
1798 3827 1914 3877 edd.
1940 3828 1960 3892 n
1981 3826 2012 3876 3
2034 3832 2086 3876 et
2103 3827 2137 3875 7
2165 3827 2426 3877 Calendis
2456 3827 2727 3877 Calenam

385 3904 553 3969 Lugd.
590 3911 665 3954 ett
694 3912 817 3955 vett.
849 3905 965 3956 edd.
991 3905 1064 3970 114
1102 3905 1410 3969 quinquies
1442 3906 1587 3955 dicto
1630 3906 1797 3973 Lugd.
1831 3915 1883 3957 et
1914 3908 1985 3957 al.
2015 3908 2134 3959 edd.
2155 3909 2230 3973 {18
2262 3921 2310 3960 et
2341 3909 2513 3959 classi
2632 3924 2727 3958 vo-

386 3994 615 4035 caretur
648 4000 748 4035 om.
781 3984 824 4033 P
848 3986 868 4049 Π
892 3984 950 4034 11
974 3985 1209 4048 populos
1242 3984 1285 4033 P
1309 3984 1329 4048 ss
1353 3984 1412 4036 17
1444 3987 1563 4034 dies
1606 3988 1683 4036 tis
1716 3987 1777 4036 P:
1829 3988 1954 4037 Idis
2004 3988 2060 4037 in
2103 3987 2269 4052 aliqq.
2305 3989 2419 4039 edd.
2445 3989 2466 4053 ss
2490 3988 2549 4039 19
2581 3989 2728 4039 salio

387 4066 461 4115 B':
497 4067 754 4116 carmine
784 4066 843 4115 P.
868 4065 971 4131 1120
1020 4058 1303 4128 ΜΕΡΑΝ
1350 4065 1393 4114 Ρ
1415 4065 1436 4130 ss
1458 4064 1518 4114 21
1553 4066 1644 4115 his
1676 4066 1859 4132 1311122
1892 4083 2017 4117 cum
2053 4069 2189 4117 solis
2231 4083 2429 4118 occasu
2449 4080 2566 4117 ‘non
2590 4068 2728 4132 fini-

390 4153 486 4194 tur
519 4142 688 4211 Lugd.
719 4152 771 4195 et
802 4152 923 4196 vett.
970 4147 1105 4197 edd.:
1142 4148 1322 4197 noctis
1354 4145 1518 4209 Lugd.
1581 4152 1634 4195 et
1677 4154 1800 4196 vett.
1848 4148 2001 4198 edd.:
2037 4158 2193 4198 noete
2225 4150 2509 4198 contineat
2556 4148 2599 4197 P
2622 4147 2729 4212 1123

389 4225 713 4276 illustrante
744 4225 909 4290 Lugd.
952 4233 1004 4277 et
1039 4233 1161 4277 vett.
1206 4226 1343 4276 edd.:
1384 4227 1464 4275 im
1497 4226 1668 4293 131125
1713 4228 1869 4278 Jovis
1906 4229 2148 4291 feriatas
2185 4226 2243 4278 in
2278 4227 2442 4291 aliqq.
2482 4228 2599 4278 edd.
2625 4227 2729 4292 1127

389 4306 523 4356 idus
555 4306 617 4359 P:
666 4308 893 4357 literam
937 4306 1102 4372 Lugd.
1139 4314 1190 4357 et
1236 4314 1359 4358 vett.
1411 4307 1657 4373 edd.1130
1701 4312 2042 4360 demonstrat
2064 4309 2138 4358 B':
2179 4311 2479 4360 aestimant
2500 4310 2563 4361 P:
2603 4311 2729 4360 exi-

388 4389 618 4438 stimem
649 4387 816 4453 Lugd.
877 4394 927 4437 et
973 4394 1093 4437 vett.
1156 4388 1397 4454 edd.1131
1450 4399 1650 4439 vocant
1698 4402 1797 4440 om.
1842 4391 1909 4440 P:
1940 4391 2080 4441 iovis
2127 4390 2456 4440 immolatur
2501 4388 2562 4439 B:
2607 4391 2729 4441 ovis

390 4468 724 4519 immolatur
754 4468 922 4533 Lugd.
959 4474 1012 4519 et
1041 4475 1164 4519 vett.
1201 4469 1320 4520 edd.
