3334 5192
598 389 676 448 42

1644 718 1899 796 XXV.

1588 873 1666 943 (ι.
1707 872 1803 928 15.
1841 870 1941 942 is)

667 1074 702 1114 ⁴<
736 1057 815 1114 Ut
848 1061 1046 1115 autem
1083 1057 1218 1113 Idus
1253 1070 1457 1113 omnes
1487 1055 1609 1112 Iovi
1645 1055 1736 1112 ita
1768 1068 1969 1110 omnes
2006 1019 2290 1111 Kalendas
2335 1053 2535 1110 Iunoni
2575 1052 2831 1110 tributas
2866 1052 2929 1109 et

596 1147 880 1204 Varronis
916 1147 979 1203 et
1011 1145 1364 1217 pontificalis
1395 1145 1677 1202 adfirmat
1709 1144 2048 1202 auctoritas.
2088 1160 2119 1196 ›

676 1396 913 1458 Exstat
953 1397 1065 1458 sic.
1107 1397 1178 1456 in
1220 1396 1354 1472 Bip.
1397 1396 1493 1456 ed.
1534 1413 1593 1472 p.
1634 1392 1771 1469 371,
1816 1393 1941 1454 etsi
1981 1395 2060 1455 de
2102 1392 2460 1470 pontificali
2520 1393 2925 1454 auctoritate

597 1511 729 1556 non
768 1495 1031 1556 dicitur.
1073 1494 1332 1555 Similia
1356 1494 1589 1555 docent
1615 1493 1793 1555 Ovid.
1824 1491 2003 1557 Fast.
2029 1494 2081 1552 1.
2110 1489 2208 1568 55,
2254 1491 2593 1553 Plutarch.
2620 1495 2689 1561 Q.
2721 1495 2797 1553 R.
2834 1489 2926 1565 14,

599 1592 815 1670 Lydus
857 1592 958 1652 III.
1002 1591 1060 1653 7.
1102 1592 1328 1652 Inerat
1369 1590 1795 1669 probabiliter
1834 1590 1906 1650 in
1944 1591 2094 1650 VIII
2135 1593 2285 1652 Rer.
2328 1589 2467 1651 Div.
2509 1590 2587 1650 de
2629 1589 2829 1650 feriis.

663 1801 689 1849 1
730 1802 1000 1853 Calendas
1029 1803 1197 1866 Lugd.
1233 1809 1286 1852 et
1313 1807 1434 1851 vett.
1469 1802 1586 1852 edd.
1611 1801 1685 1866 [12
1706 1803 1950 1866 affirmat
1981 1802 2266 1851 arator-itas
2297 1800 2461 1865 aliqq.
2494 1799 2643 1849 MSS.
2687 1799 2852 1864 Lugd.
2873 1806 2930 1874 ‚et

602 1890 722 1934 vett.
753 1885 902 1934 edd.:
937 1887 1230 1948 confirmat
1262 1883 1318 1933 in
1348 1882 1513 1946 aliqq.
1548 1883 1668 1932 edd.

1625 2255 1912 2333 XXVL

1588 2409 1938 2481 aiam»

670 2606 706 2647 «
739 2592 885 2647 Oum
921 2590 1074 2646 enim
1110 2589 1279 2646 initia
1314 2592 1597 2647 mensium
1632 2591 1889 2648 maiores
1923 2591 2115 2647 nostri
2149 2589 2224 2647 ab
2266 2589 2476 2646 exortu
2526 2589 2693 2645 lunae
2730 2602 2929 2646 serva-

597 2679 810 2748 verint,
847 2679 974 2734 iure
1005 2678 1198 2734 Iunoni
1232 2679 1580 2737 addixerunt
1602 2681 1907 2750 Kalendas,
1945 2679 2141 2736 lunam
2163 2694 2234 2735 ac
2256 2681 2524 2736 Iunonem
2551 2677 2791 2744 eandem
2817 2693 2928 2750 pu-

595 2769 806 2824 tantes:
841 2768 932 2823 vel
970 2767 1106 2836 quia
1140 2766 1278 2822 luna
1308 2782 1416 2838 per
1449 2783 1648 2825 aerem
1686 2770 1863 2839 meat,
1902 2769 2050 2826 unde
2085 2770 2148 2825 et
2170 2768 2373 2824 Graeci
2412 2768 2605 2824 lunam
2644 2763 2931 2847 Α’ρτεμιν,

597 2858 999 2928 nuncuparunt
1032 2857 1092 2912 id
1127 2857 1220 2913 est
1251 2853 1554 2938 ἀερὸτομιν,
1591 2859 1745 2928 quod
1767 2872 1907 2914 aera
1928 2859 2105 2927 secat,
2132 2858 2267 2914 Iuno
2284 2858 2482 2914 autem
2507 2858 2665 2914 aeris
2700 2857 2931 2915 arbitra

595 2949 706 3018 est,
744 2947 958 3004 merito
985 2947 1152 3004 initia
1174 2948 1478 3016 mensium,
1504 2949 1563 3004 id
1587 2950 1680 3005 est
1703 2949 2008 3019 KalendaS,
2035 2947 2169 3003 huic
2204 2946 2345 3003 deae
2365 2947 2867 3004 consecraverunt.
2894 2965 2927 2999 »

674 3269 982 3329 Iunonem
1028 3268 1198 3328 aeris
1248 3268 1568 3331 arbitram
1623 3250 1762 3332 esse
1822 3270 2145 3333 docebant
2187 3270 2386 3332 Stoici
2426 3270 2600 3331 teste
2642 3270 2777 3332 Cic.
2816 3270 2926 3347 qui

594 3366 673 3438 de
712 3367 851 3428 nat.
891 3367 1062 3428 deor.
1103 3366 1174 3427 II.
1213 3366 1434 3445 2566
1473 3371 1578 3431 ita
1632 3370 1880 3432 scribit.
1924 3389 1959 3426 «
2000 3371 2129 3430 Aer
2174 3370 2414 3442 autem,
2459 3371 2538 3430 ut
2579 3370 2783 3430 Stoici
2826 3369 2925 3430 di·

595 3466 887 3542 sputant‚
931 3466 1317 3528 interiectus
1358 3468 1536 3530 inter
1558 3485 1740 3531 mare
1784 3470 1854 3530 et
1879 3467 2151 3541 caelum,
2180 3469 2445 3530 Iunonis
2476 3470 2739 3530 nomine
2780 3484 2928 3530 con-

595 3564 898 3625 secratur
940 3584 994 3622 ».
1037 3563 1315 3640 Idipsum
1357 3568 1754 3644 acceperunt
1794 3566 2131 3630 Plutarch.
2174 3569 2254 3628 Is,
2284 3568 2352 3627 et
2384 3567 2545 3627 Osir.
2576 3564 2672 3638 32,
2717 3569 2929 3628 Arno-

594 3661 735 3723 bius
778 3663 881 3724 ΙΙΙ.
923 3660 1018 3737 80,
1061 3662 1204 3724 lsid.
1243 3664 1600 3741 Orig.VIII.
1647 3664 1841 3726 11.98.
1870 3666 2275 3728 Laurentius
2302 3666 2519 3742 Lydus
2561 3666 2669 3724 III.
2711 3665 2752 3722 7
2792 3679 2929 3725 rem

595 3761 841 3838 apertis
898 3760 1114 3823 verbis
1173 3763 1269 3823 sic
1325 3763 1536 3825 tradit
1595 3786 1631 3822 ⁴<
1683 3759 1776 3825 Ol*
1822 3764 1938 3838 γοίρ
1992 3763 2227 3838 φυσικοὶ
2268 3751 2467 3838 ’Ἦραν
2524 3763 2628 3830 τήν
2694 3763 2931 3830 σελήνην

590 3856 856 3940 ἐνόμιζον
896 3881 948 3917 ».
975 3862 1337 3922 Varronem
1378 3863 1673 3925 nostrum
1702 3863 1872 3925 idem
1900 3863 2180 3924 sentisse
2207 3878 2336 3923 non
2364 3862 2547 3923 modo
2600 3863 2931 3938 arguimus

591 3975 675 4019 ex
716 3959 857 4019 eius
899 3959 970 4018 in
1012 3959 1376 4020 Stoicorum
1416 3961 1753 4023 doctrinas
1815 3961 2254 4038 propensione,
2318 3976 2548 4021 verum
2598 3961 2801 4020 etiam
2847 3975 2932 4020 ex

591 4059 663 4115 L.
703 4059 776 4118 L.
817 4058 890 4116 V.
912 4055 1008 4133 69,
1051 4056 1159 4117 ubi
1200 4058 1366 4120 haec
1408 4057 1685 4134 legimus
1718 4080 1753 4115 «
1782 4058 1878 4119 Ab
1915 4059 2176 4119 Latinis
2203 4061 2359 4120 Iuno
2387 4059 2639 4120 Lucina
2666 4058 2927 4121 dictaz...

597 4176 637 4216 a.
693 4171 814 4232 quo
868 4155 1201 4232 parientes
1249 4170 1398 4216 eam
1461 4157 1811 4233 invocant,-
1854 4156 2017 4218 luna
2080 4156 2252 4217 enim
2316 4158 2733 4218 nascentium
2793 4158 2931 4218 dux

593 4256 757 4328 quod
797 4269 1052 4315 menses
1091 4254 1293 4316 huius
1335 4275 1388 4315 1».
1445 4256 1666 4324 Quoad
1730 4255 1972 4316 librum
2034 4255 2107 4315 in
2166 4271 2293 4332 quo
2353 4254 2525 4316 talia
2564 4257 2643 4316 de
2682 4258 2929 4317 Iunone

593 4351 852 4425 anituit,
894 4367 1289 4430 quamquam
1329 4353 1590 4415 difficile
1631 4354 1888 4415 creditu
1938 4368 2070 4413 non
2118 4353 2221 4413 est
2259 4351 2471 4414 obiter
2510 4369 2592 4415 ea
2632 4353 2929 4429 tetigisse

597 4452 663 4508 in
705 4451 810 4511 lib.
854 4454 1216 4513 Rer.Hum.
1260 4453 1339 4514 de
1378 4451 1620 4525 diebu&
1662 4452 1740 4514 ut
1766 4452 1876 4514 hic
1908 4450 2051 4527 agit
2090 4439 2478 4525 Macrobius,
2508 4450 2930 4513 verisimilius

2985 1046 3061 1101 18

2984 2588 3068 2645 20
