3334 5192
845 1092 2151 1199 FRAGMENTA

1337 1322 1655 1378 -dwoe—

1479 1816 1515 1891 Ι

1107 1922 1438 2045 (Saturnal-
1474 1973 1530 2030 Ι.
1568 1973 1627 2028 3.
1666 1973 1704 2027 2
1730 1972 1885 2044 sqq.)

398 2167 433 2207 «
455 2153 530 2208 M.
569 2153 761 2209 Varro
798 2153 856 2207 in
894 2151 1042 2208 libro
1082 2153 1300 2208 Rerum
1328 2154 1724 2208 Humanarum
1752 2167 1922 2221 quem
1946 2152 2016 2208 de
2041 2151 2240 2208 diebus
2267 2152 2520 2221 scripsit,
2546 2153 2660 2206 Ho-
2713 2154 2752 2209 ‘2

323 2244 529 2313 mines,
566 2243 770 2311 inquit,
809 2242 907 2310 qui
943 2257 1016 2298 ex
1051 2242 1242 2298 media
1279 2243 1447 2298 nocte
1499 2241 1574 2298 ad
1621 2242 1950 2312 proximam
2001 2242 2252 2297 mediam
2299 2243 2530 2297 noctem
2565 2240 2657 2295 his

321 2331 485 2387 horis
520 2332 730 2402 viginti
763 2332 1043 2401 quattuor
1078 2332 1201 2387 nati
1241 2333 1377 2388 sunt
1413 2347 1524 2387 uno
1572 2332 1667 2387 die
1716 2332 1840 2388 nati
1884 2331 2171 2388 dicuntur.
2208 2332 2414 2400 quibus
2440 2330 2658 2407 &erbis
2712 2335 2753 2388 3

319 2421 405 2477 ita
439 2421 674 2477 videtur
707 2422 932 2478 dierum
968 2422 1438 2477 observationem
1469 2421 1761 2491 divisisse,
1801 2421 1870 2477 ut
1904 2421 2000 2489 qui
2038 2421 2174 2492 post
2212 2421 2353 2477 solis
2390 2435 2659 2477 occasum

239 2520 268 2560 5
318 2510 455 2566 ante
485 2510 736 2566 mediam
771 2511 1001 2567 noctem
1038 2511 1209 2566 natus
1247 2511 1345 2578 sit,
1383 2510 1486 2565 illo
1524 2523 1694 2579 quem
1731 2525 1847 2566 nox
1882 2510 2082 2566 secuta
2118 2511 2230 2579 est,
2270 2516 2477 2566 contra
2515 2525 2659 2566 vero

319 2599 416 2667 qui
451 2599 510 2654 in
546 2614 648 2655 sex
692 2600 879 2655 noctis
927 2600 1090 2656 horis
1137 2598 1562 2670 posterioribus
1598 2600 1877 2670 nascitur,
1915 2614 1983 2655 eo
2034 2600 2127 2656 die
2166 2601 2439 2657 videatur
2485 2602 2659 2657 natus

321 2688 418 2756 qui
458 2687 593 2758 post
639 2703 770 2744 eam
818 2687 1048 2744 noctem
1094 2688 1387 2744 diluxerit.
1434 2689 1812 2745 Athenienses
1864 2689 2063 2745 autem
2116 2690 2294 2746 aliter
2342 2691 2660 2748 observare
2712 2689 2751 2744 4

322 2777 476 2832 idem
511 2779 701 2833 Varro
748 2777 808 2834 in
852 2777 1058 2834 eodem
1093 2777 1245 2834 libro
1291 2777 1548 2848 scripsit,
1601 2792 1812 2847 eosque
1849 2793 1886 2833 a
1923 2778 2063 2834 solis
2101 2794 2307 2835 occasu
2356 2779 2431 2835 ad
2478 2780 2658 2837 solem

324 2865 538 2920 iterum
575 2866 923 2923 occidentem
972 2881 1140 2924 omne
1185 2868 1246 2924 id
1281 2867 1539 2924 medium
1573 2868 1807 2939 tempus
1859 2885 2037 2925 unum
2073 2869 2225 2925 diem
2277 2884 2405 2926 esse
2440 2870 2657 2928 dicere:

219 2962 271 3003 10
324 2953 667 3024 Babylonios
702 2970 881 3027 porro
905 2956 1101 3012 aliter:
1144 2971 1182 3012 a
1216 2958 1337 3012 sole
1361 2958 1515 3012 enim
1552 2958 1762 3013 exorto
1800 2958 1875 3014 ad
1913 2958 2185 3014 exortum
2220 2958 2480 3014 eiusdem
2516 2952 2660 3013 inci-⁴

321 3043 576 3113 pientem
611 3043 672 3099 id
728 3044 980 3115 spatium
1018 3046 1185 3102 unius
1221 3045 1335 3101 diei
1370 3046 1602 3101 nomine
1637 3060 1877 3102 vocare:
1915 3046 2167 3103 Umbros
2206 3062 2342 3104 vero
2386 3062 2562 3103 unum
2596 3048 2659 3115 et

322 3132 565 3189 eundem
602 3133 753 3189 diem
800 3149 928 3190 esse
975 3134 1167 3191 dicere
1200 3150 1237 3190 a
1273 3135 1519 3192 meridie
1563 3135 1638 3191 ad
1687 3137 2078 3206 insequentem
2134 3136 2456 3193 meridiem.
2504 3137 2659 3206 quod
2712 3135 2752 3190 5

320 3221 552 3292 quidem
587 3222 774 3291 inquit
809 3224 1000 3278 Varro
1038 3224 1212 3280 nimis
1248 3223 1566 3280 absurdum
1591 3224 1697 3280 est.
1729 3240 1862 3281 nam
1886 3226 1981 3294 qui
2008 3226 2280 3282 Kalendis
2317 3226 2468 3283 hora
2493 3228 2662 3284 sexta

318 3311 472 3382 apud
493 3310 745 3368 Umbros
779 3312 952 3368 natus
977 3314 1086 3382 est,
1124 3314 1248 3369 dies
1279 3313 1403 3368 eius
1437 3314 1651 3371 natalis
1675 3315 1864 3371 videri
1902 3315 2131 3372 debebit
2165 3317 2228 3372 et
2263 3317 2657 3374 Kalendarum

214 3414 267 3455 15
320 3399 661 3457 dimidiatus
683 3400 744 3457 et
766 3402 863 3471 qui
889 3402 1026 3472 post
1048 3402 1334 3458 Kalendas
1358 3403 1475 3458 erit
1497 3418 1673 3473 usque
1695 3405 1770 3461 ad
1795 3405 2001 3461 horam
2038 3406 2163 3462 eius
2199 3406 2311 3462 diei
2339 3408 2569 3473 sextam
2608 3424 2657 3463 ›.

400 3702 603 3761 Locus
644 3699 752 3760 hic
794 3700 1088 3776 sumptus
1130 3699 1230 3761 est
1271 3717 1304 3760 e
1345 3700 1537 3761 Gellii
1579 3700 1688 3760 lib.
1732 3703 1835 3764 III.
1879 3699 1938 3763 2.
1984 3700 2050 3762 et
2090 3701 2160 3762 in
2202 3703 2519 3764 Varronis
2560 3702 2654 3761 ed.

318 3797 668 3875 Bipontina
718 3815 864 3876 pag.
918 3796 1038 3858 207
1086 3799 1292 3860 eidem
1356 3799 1524 3862 Aulo
1573 3796 1648 3860 in
1691 3800 1915 3876 primis
1970 3798 2257 3862 tributus
2297 3800 2648 3871 invenitur,

320 3896 429 3958 sed
479 3896 559 3958 iis
612 3898 828 3960 verbis
882 3898 1145 3961 tantum
1188 3915 1553 3975 expressuS,
1608 3915 1776 3976 quae
1827 3899 2111 3961 Varroni
2173 3898 2647 3961 adscribuntur.

320 3995 520 4058 Liber
544 4012 733 4071 quem
759 3998 972 4058 Varro
1002 4018 1038 4053 «
1067 3996 1144 4057 de
1170 3997 1399 4058 diebus
1429 4019 1464 4054 »
1494 3999 1761 4076 scripsit
1792 3997 1967 4059 inter
1993 3997 2313 4059 decimum
2341 3998 2651 4075 quartum

319 4094 385 4154 et
410 4092 729 4153 decimum
757 4110 998 4155 nonum
1031 4096 1247 4158 inesse
1280 4095 1581 4157 debebat:
1610 4112 1786 4174 nam,
1816 4096 1984 4158 teste
2008 4096 2373 4172 Augustino
2411 4096 2488 4156 de
2517 4096 2655 4155 Civ.

316 4190 435 4252 Dei
475 4191 577 4251 VI.
617 4187 675 4264 3,
718 4190 867 4252 libri
910 4193 1023 4270 qui
1078 4194 1273 4255 erant
1321 4194 1398 4254 de
1439 4194 1838 4272 temporibus
1877 4194 2150 4257 tertium
2191 4195 2401 4255 locum
2451 4194 2657 4256 totius

318 4287 532 4366 operis
559 4289 1010 4367 occupabant.
1053 4293 1250 4369 Atqui
1290 4293 1497 4355 totum
1550 4310 1707 4370 opus
1763 4294 2041 4373 quinque
2086 4294 2152 4355 et
2191 4292 2429 4369 viginti
2472 4291 2655 4354 libris

318 4387 629 4451 constans
672 4388 743 4448 in
784 4382 1062 4464 quatuor
1103 4390 1324 4467 partes
1365 4390 1793 4468 dividebatur,
1837 4406 2266 4468 unaquaeque
2306 4406 2463 4452 vero
2501 4406 2656 4466 pars

313 4502 506 4550 senos
549 4486 750 4549 libros
777 4486 1078 4561 habebat,
1111 4490 1374 4566 praeter
1414 4505 1614 4551 unum
1647 4489 2050 4567 singularem
2084 4488 2195 4565 qui
2223 4489 2656 4551 communiter

2436 4622 2473 4657 c)

2437 4658 2472 4675 Ν
