3334 5192
666 392 747 451 32

664 510 805 568 tum
844 508 953 584 qui
994 505 1080 571 sit
1119 507 1228 569 hic
1268 508 1405 569 dies
1448 509 1516 570 et
1561 509 1749 570 cuius
1791 509 1890 570 rei
1949 509 2172 585 gratia
2227 509 2574 571 institutus
2631 510 2849 571 dicere
2888 526 3017 571 ne-

662 605 962 682 glexisse.
984 609 1150 667 Eum
1179 606 1397 668 autem
1426 622 1654 668 revera
1682 606 1924 668 dixisse
1957 608 2119 668 mibi
2143 606 2246 669 est
2277 606 2660 683 argumento
2680 608 2752 668 in
2774 609 3003 685 primis

662 705 1032 766 Macrobius
1061 704 1216 781 ipse:
1246 705 1301 764 si
1331 705 1507 764 enim
1535 705 1881 766 verborum
1910 705 2106 766 huius
2135 705 2644 768 conlocationem
2674 709 2741 765 et
2782 706 3006 783 synta-

659 802 778 863 xin
826 803 1292 880 perpendimus,
1336 801 1502 862 haec
1543 802 1785 880 liquido
1828 802 2151 864 eruuntur
2192 804 2435 880 «isque
2463 804 2615 878 dieS‚
2646 804 2711 864 id
2756 804 2855 866 est
2894 805 3003 880 qui

662 915 746 960 ex
788 901 1057 961 senatus
1099 898 1385 961 consulto
1427 899 1496 961 et
1535 901 1804 962 Maenia
1850 901 1988 976 lege
2021 902 2101 962 ad
2128 902 2616 979 propitiandum
2646 903 2862 963 Iovem
2895 900 3004 962 ad-

662 996 832 1059 ditus
874 998 976 1058 est
1015 996 1146 1057 illis
1191 996 1621 1072 CircensibuS,
1666 999 1879 1060 dictus
1922 1005 2016 1060 est
2047 1016 2087 1061 a
2116 1000 2693 1076 redintegratione,
2721 999 2795 1061 ut
2833 1001 3002 1060 Var-

656 1095 802 1156 roni
841 1095 1059 1172 placet
1100 1116 1134 1150 »
1179 1095 1297 1157 etc.
1340 1096 1667 1158 Nimirum
1708 1116 1745 1158 ‹<
1790 1099 1969 1174 isque
2027 1119 2063 1154 »
2119 1097 2439 1158 relativus
2482 1096 2600 1174 est,
2648 1100 2715 1158 et
2777 1113 2997 1158 conse-

656 1193 926 1271 quentia
954 1194 1491 1272 praecedentibus
1523 1195 1830 1258 adnectit.
1861 1197 1929 1256 Si
1959 1211 2111 1273 ergo
2140 1198 2352 1258 Varro
2393 1197 2560 1258 diem
2586 1195 2999 1273 propitiando

657 1295 797 1356 Iovi
837 1294 1128 1357 dicatum
1169 1295 1576 1369 memoravit,
1619 1296 1888 1357 divinae
1930 1297 2071 1356 irae
2108 1311 2380 1357 causam
2411 1295 2667 1373 aperire
2698 1294 2998 1373 profecto

656 1408 788 1454 non
827 1393 1047 1456 omisit
1092 1408 1167 1454 ac
1207 1409 1348 1454 rem
1381 1393 1740 1456 enarravit.
1782 1394 2139 1456 Praeterea
2166 1394 2455 1456 dubitari
2484 1394 2709 1471 nequit
2728 1394 2886 1471 quin
2914 1409 2998 1453 ea

656 1489 896 1551 Noster
937 1489 1199 1553 tradere
1241 1491 1592 1564 curaverit,
1637 1507 1802 1568 quae
1830 1492 2178 1570 scriptores
2211 1493 2512 1570 aequales
2539 1493 2641 1553 vel
2684 1506 2995 1569 suppares

655 1589 992 1665 indignum
1033 1589 1362 1650 duxerunt
1409 1589 1951 1667 praetermittere:
2004 1590 2178 1652 idem
2229 1591 2404 1651 enim
2462 1580 2830 1668 prodigium
2884 1589 2997 1650 de-

653 1689 1060 1766 scripserunt
1099 1688 1226 1748 Cic.
1271 1687 1556 1750 Divinat.
1600 1690 1651 1748 I.
1686 1685 1785 1765 26,
1850 1689 2078 1750 Livius
2132 1691 2209 1750 II.
2250 1688 2350 1761 36,
2413 1689 2670 1766 Dionys,
2733 1687 2877 1750 Hal.
2918 1689 2997 1746 A.

656 1789 730 1847 R.
772 1788 889 1846 VII
929 1803 983 1847 c.
1039 1785 1135 1859 68,
1189 1785 1521 1849 Plutarch.
1572 1787 1644 1848 in
1694 1786 1926 1849 Coriol.
1984 1803 2039 1848 c.
2082 1785 2183 1860 24,
2242 1787 2459 1849 Valer.
2516 1789 2692 1849 Max.
2741 1789 2786 1848 I.
2830 1788 2887 1848 7.
2928 1788 2989 1864 4,

652 1884 890 1946 Arnob.
932 1886 1067 1945 VII.
1109 1882 1208 1961 39,
1251 1885 1553 1947 Lactant.
1598 1886 1673 1945 ΙΙ.
1718 1885 1773 1958 7,
1816 1885 2171 1967 Augustin.
2200 1885 2278 1945 de
2321 1885 2456 1945 Giv.
2485 1885 2604 1945 Dei
2644 1887 2748 1946 IV.
2791 1883 2871 1942 26
2912 1919 2993 1931 --

653 1980 847 2041 Liber
898 1982 967 2042 in
1009 1998 1133 2059 quo
1174 1982 1410 2043 Noster
1437 1982 1600 2044 haec
1641 1983 1863 2046 docuit
1902 1985 1993 2044 IX
2022 1985 2172 2044 Rer.
2206 1984 2344 2044 Div.
2375 1982 2796 2060 probabiliter
2823 1985 2988 2056 erat.

651 2079 763 2140 ubi
804 2081 881 2142 de
924 2079 1094 2141 ludis
1138 2080 1547 2142 Circensibus
1590 2081 1945 2143 dicebatur.
1988 2081 2116 2142 Gsr.
2146 2081 2414 2143 Merkel.
2447 2081 2528 2142 ad
2589 2082 2767 2143 Ovid.
2810 2083 2990 2145 Fast.

651 2195 710 2255 p.
753 2193 928 2240 cmx.

712 2377 745 2425 2
775 2379 1053 2428 Atronius
1084 2377 1252 2443 Lugd.
1297 2385 1349 2428 et
1379 2385 1500 2428 vett.
1549 2379 1660 2429 edd.
1686 2378 1759 2443 113
1804 2381 2191 2430 comis-sionem
2222 2380 2297 2430 B':
2336 2389 2419 2431 ter
2464 2381 2555 2429 cir
2588 2396 2658 2430 cu
2692 2383 2800 2444 eyit
2828 2381 2889 2430 P:
2926 2381 2989 2429 ob

651 2459 794 2508 hanc
826 2458 994 2522 Lugd.
1030 2465 1082 2508 et
1112 2466 1234 2509 vett.
1269 2459 1387 2509 edd.
1411 2460 1486 2524 115
1517 2461 1825 2511 nunciaret
1854 2461 1897 2509 P
1949 2467 2021 2511 ett
2061 2460 2223 2525 aliqq.
2275 2461 2410 2510 edd.:
2460 2461 2633 2524 quod-s
2680 2462 2988 2511 simulante

650 2539 728 2588 B':
771 2548 947 2588 morte
990 2538 1048 2589 in
1079 2539 1243 2603 aliqq.
1291 2540 1407 2591 edd.
1431 2540 1504 2605 117
1553 2541 1951 2606 neqligentiaan
1997 2542 2153 2592 Ianus
2204 2542 2369 2607 Lugd.
2416 2551 2467 2591 et
2498 2543 2566 2591 al.
2614 2542 2728 2592 edd.
2753 2543 2773 2607 Π
2798 2542 2856 2591 10
2886 2558 2990 2592 υα·

651 2621 898 2670 latudine
942 2619 1110 2685 Lugd.
1159 2628 1211 2670 et
1257 2628 1376 2670 vett.
1433 2621 1550 2670 edd.
1575 2621 1596 2686 U
1622 2621 1678 2669 11
1731 2623 1926 2672 ‘menia
1971 2623 2033 2672 P:
2088 2624 2275 2672 Mevia
2324 2623 2488 2688 Lugd.
2552 2630 2601 2672 et
2646 2629 2768 2671 vett.
2833 2623 2981 2671 edd.:

640 2705 1088 2767 propicimdum
1136 2703 1179 2752 P
1201 2703 1221 2767 ss
1246 2703 1306 2752 12
1339 2705 1499 2767 isqui
1529 2704 1598 2753 P:
1637 2705 2076 2755 instaur-mitius
2109 2706 2268 2754 lanus
2300 2705 2466 2769 Lugd.
2502 2712 2552 2754 et
2584 2710 2705 2753 vett.
2742 2704 2856 2754 edd.
2880 2703 2901 2768 Π
2926 2703 2988 2753 13

650 2778 1250 2840 ΑΠΟΥΟΤΑΥΡΟΥ
1292 2784 1354 2832 Ρ.
1453 2785 1460 2790 ’

1704 3137 1920 3217 XVI.

1533 3295 1607 3364 (1.
1648 3294 1744 3348 11.
1788 3295 1864 3350 36
1909 3293 2098 3364 seqq.)

717 3489 749 3524 ‹
786 3473 964 3529 Nonis
1001 3472 1158 3528 Iuliis
1194 3472 1347 3529 diem
1382 3471 1597 3530 festum
1632 3487 1761 3530 esse
1796 3475 2137 3531 ancillarum
2176 3475 2299 3531 tam
2344 3475 2520 3547 vulgo
2544 3476 2747 3532 notum
2780 3477 2877 3534 est
2914 3478 2980 3534 ut
3031 3478 3116 3532 3ss

646 3575 749 3616 nec
785 3562 952 3632 origo
990 3577 1091 3618 nec
1126 3576 1302 3618 causa
1337 3561 1697 3619 celebritatis
1732 3563 1933 3634 ignota
1971 3564 2065 3619 sit.
2102 3565 2298 3620 Iunoni
2322 3564 2476 3619 enim
2502 3566 2851 3634 Caprotinae
2887 3566 2981 3622 die

646 3651 747 3707 illo
785 3651 1005 3708 liberae
1039 3652 1266 3721 pariter
1302 3651 1656 3721 ancillaeque
1700 3652 2029 3710 sacrificant
2066 3654 2169 3709 sub
2204 3653 2417 3708 arbore
2451 3654 2721 3724 caprifico
2759 3656 2817 3710 in
2853 3670 2977 3711 me-

643 3742 896 3798 moriam
934 3740 1210 3812 benignae
1249 3742 1488 3799 virtutis
1522 3757 1666 3812 quae
1705 3743 1763 3799 in
1796 3742 2139 3799 ancillarum
2176 3745 2387 3800 animis
2405 3759 2513 3815 pro
2538 3746 2980 3802 conservatione

643 3830 904 3901 publicae
950 3831 1255 3902 dignitatis
1307 3832 1597 3902 apparuit.
1657 3847 1795 3888 nam
1839 3833 1975 3904 post
2031 3832 2235 3888 urbem
2288 3835 2520 3904 captam
2569 3849 2701 3889 cum
2740 3835 2978 3892 sedatus
3032 3843 3112 3900 37

643 3921 799 3976 esset
835 3920 1086 3976 Gallicus
1121 3920 1337 3991 motuS‚
1375 3920 1703 3993 respublica
1738 3935 1879 3977 vero
1916 3921 2073 3978 esset
2101 3922 2181 3978 'ad
2223 3922 2394 3979 tenue
2440 3923 2707 3994 deducta,
2744 3924 2978 3981 finitimi

645 4009 1102 4080 oportunitatem
1158 4009 1464 4066 invadendi
1518 4011 1762 4066 Romani
1808 4012 2057 4067 nominis
2105 4013 2376 4082 aucupati
2429 4013 2831 4082 praefecerunt
2869 4013 2978 4068 sibi

649 4099 1006 4154 Postumium
1043 4099 1274 4154 Livium
1309 4099 1668 4169 Fidenatium
1718 4099 2087 4171 dictatorem,
2136 4101 2232 4170 qui
2270 4101 2561 4158 mandatis
2597 4103 2673 4158 ad
2711 4104 2976 4159 senatum

645 4188 840 4243 missis
878 4188 1204 4259 postulavit
1239 4189 1325 4258 ut,
1349 4189 1399 4244 si
1422 4188 1642 4244 vellent
1677 4189 1952 4258 reliquias
1978 4204 2117 4246 suae
2140 4190 2404 4247 civitatis
2438 4204 2693 4262 manere,
2720 4194 2977 4248 matres·
3029 4197 3114 4251 38

565 4288 589 4328 e
645 4276 896 4333 Familias
935 4278 1044 4334 sibi
1081 4279 1143 4334 et
1183 4278 1436 4348 virgines
1471 4277 1837 4334 dederentur.
1892 4293 2133 4348 cumque
2179 4280 2381 4350 patres
2416 4282 2610 4338 essent
2646 4281 2706 4337 in
2741 4282 2979 4352 ancipiti

645 4367 1055 4424 deliberatione
1093 4367 1376 4437 suspensi,
1413 4367 1624 4422 ancilla
1660 4369 1891 4427 nomine
1928 4368 2141 4425 Tutela
2177 4383 2277 4425 seu
2315 4370 2559 4428 Philotis
2589 4371 2852 4442 pollicita
2885 4372 2981 4428 est

645 4472 705 4512 se
741 4470 873 4512 cum
909 4457 1122 4514 ceteris
1157 4455 1380 4513 ancillis
1417 4456 1522 4513 sub
1546 4457 1773 4514 nomine
1813 4458 2179 4516 dominarum
2204 4460 2281 4518 ad
2314 4461 2515 4520 hostes
2556 4463 2778 4520 ituram
2812 4462 2979 4518 habi-
