3334 5192
582 375 672 439 56

634 493 1061 559 ·Gontinetur
1122 492 1194 553 in
1234 491 1370 568 Bip.
1412 489 1511 551 ed.
1550 506 1610 566 p.
1650 486 1789 548 205.
1832 486 2194 550 Praeterea
2235 485 2501 548 Servius
2540 485 2697 547 Aen.
2760 482 2923 544 VIII.

587 593 710 655 276
750 595 913 656 haec
950 590 1207 655 scribit:
1248 608 1285 650 «
1315 589 1530 649 Varro
1557 589 1800 649 Rerum
1829 586 2274 647 humanarum
2300 583 2487 646 docet
2513 582 2583 643 in
2601 579 2926 642 Aventino

589 692 969 755 institutum
1010 688 1386 760 Lauretum,
1431 685 1510 775 de
1551 702 1675 763 quo
1715 685 2010 763 proximo
2064 684 2282 744 monte
2335 678 2644 757 decerpta
2696 679 2926 741 laurus

583 790 970 852 sumebatur
1011 788 1093 850 ad
1133 801 1329 848 sacra
1369 802 1426 844 ».
1469 785 1553 845 Et
1595 784 1845 844 Plinius
1886 783 1961 844 N.
2003 784 2082 843 H.
2122 781 2260 842 XV.
2304 782 2343 856 ἓ
2385 780 2499 842 ult.
2535 800 2578 836 ««
2622 779 2927 841 Loretum

589 891 661 952 in
701 890 1028 955 Aventino
1067 886 1359 961 vocatur,
1401 883 1513 946 ubi
1557 883 1728 944 silva
1768 882 1942 943 lauri
1984 880 2114 942 fuit
2156 897 2207 939 ».
2249 878 2487 942 Eadem
2516 878 2753 940 notant
2778 878 2929 939 Dio-

587 1005 730 1065 nys.
773 987 919 1049 Hal.
961 989 1032 1046 A.
1076 988 1154 1046 R.
1194 986 1302 1045 111.
1343 981 1421 1039 44
1464 984 1531 1044 et
1569 983 1798 1044 Festus
1840 980 1950 1040 lib.
1992 982 2115 1041 XX
2142 995 2203 1056 p.
2250 976 2389 1038 360.
2418 976 2631 1037 Aliam
2659 990 2928 1037 causam

588 1103 710 1149 cur
748 1085 1107 1147 Lauretum
1147 1081 1509 1144 vocabatur
1571 1078 1785 1142 adfert
1844 1078 2011 1140 idem
2049 1079 2264 1139 Varro
2324 1076 2395 1138 in
2436 1078 2507 1136 L.
2549 1076 2621 1135 L.
2663 1075 2741 1134 V.
2794 1072 2927 1133 152,

586 1185 700 1263 qui
745 1183 1108 1245 Laurentes
1152 1181 1329 1245 Tatii
1370 1179 1545 1256 regis
1587 1176 2039 1240 interfectores
2081 1176 2423 1238 memorat.

653 1349 686 1400 3
718 1353 860 1415 cepit
890 1351 933 1400 P
952 1351 1020 1406 114
1052 1351 1261 1401 Rerum
1294 1350 1685 1399 humanarum
1715 1343 1881 1411 Lugd.
1917 1349 1967 1394 et
1997 1350 2121 1394 vett.
2157 1345 2274 1395 edd.

1589 1613 1933 1692 XVLIII.

1493 1774 1637 1847 (ΙΙΙ.
1677 1771 1774 1828 12.
1810 1771 1847 1827 5
1882 1770 2032 1843 seq.)

664 1969 702 2010 «
734 1956 789 2010 Is
823 1953 966 2010 deus
1002 1952 1318 2026 (Hercules)
1357 1951 1419 2007 et
1454 1950 1606 2022 apud
1654 1949 1955 2022 pontifices
1991 1949 2146 2006 idem
2198 1949 2295 2019 qui
2337 1949 2398 2006 et
2450 1951 2613 2006 Mars
2665 1947 2927 2006 habetur.

592 2044 868 2101 Chaldaei
903 2057 1124 2113 quoque
1161 2041 1392 2098 stellam
1429 2040 1694 2097 Herculis
1728 2041 1939 2096 vocant
1991 2053 2165 2108 quam
2210 2038 2419 2107 reliqui
2466 2051 2667 2095 omnes
2718 2036 2931 2094 Martis

593 2132 910 2206 appellant.
948 2148 980 2184 ›

2982 1946 3023 2092 2²&

675 2327 1017 2390 Herculem
1062 2327 1332 2388 eundem
1376 2327 1680 2403 putatum
1723 2343 1862 2388 esse
1907 2343 1986 2388 ac
2025 2327 2304 2389 Martem
2331 2342 2461 2389 non
2493 2327 2676 2388 modo
2722 2328 2934 2388 ‘Varro

596 2426 900 2506 probavit
946 2426 1018 2486 in
1059 2426 1294 2487 satura
1334 2426 1677 2503 Menippea
1716 2440 1882 2503 quae
1926 2425 2110 2487 audit
2169 2427 2372 2492 Αλλος
2411 2402 2575 2491 oinos
2616 2422 2934 2499 Ἡρακλῆς,

598 2527 674 2589 ut
712 2526 833 2586 hoc
871 2523 1012 2585 loco
1051 2524 1235 2601 ponit
1287 2523 1674 2595 MacrobiuS‚
1736 2540 1964 2585 verum
2023 2522 2223 2585 etiam
2285 2540 2563 2587 narrare
2604 2523 2828 2586 debuit
2864 2524 2936 2584 in

594 2624 742 2688 XIV
784 2627 932 2685 Rer.
975 2624 1117 2684 Div.
1160 2624 1236 2685 de
1277 2624 1375 2683 dis
1404 2623 1622 2698 certiS,
1656 2626 1773 2686 aut
1800 2623 2077 2684 fortasse
2106 2624 2179 2685 in
2205 2625 2354 2686 XVI
2387 2624 2495 2684 ubi
2524 2624 2592 2687 et
2617 2624 2695 2685 de
2722 2622 2936 2685 Marte

600 2723 935 2794 disseruit3
980 2720 1329 2785 absurdum
1372 2722 1546 2783 enim
1588 2723 1691 2784 est
1729 2722 1985 2798 opinari
2027 2723 2250 2783 omnia
2278 2738 2444 2799 quae
2484 2722 2564 2784 ad
2593 2721 2937 2783 Herculem

600 2823 669 2885 et
708 2820 984 2881 Martem
1025 2818 1481 2882 referebantur
1509 2819 1647 2881 loco
1676 2826 1791 2880 suo
1826 2819 2195 2895 patefacere
2224 2819 2608 2897 neglexisse.
2639 2821 2936 2882 Ceterum

601 2921 669 2983 et
710 2920 845 2996 ipse
887 2918 1154 2979 Servius
1195 2920 1353 2979 Aen.
1395 2917 1554 2980 VIII.
1595 2916 1716 2975 275
1757 2919 2094 2996 utriusque
2137 2920 2238 2981 dei
2279 2920 2602 2983 unitatem
2634 2921 2704 2980 in
2732 2921 2942 2998 ponti-

601 3017 778 3078 ficali
820 3016 956 3076 ritu
1015 3017 1342 3077 sancitam
1384 3031 1526 3077 esse
1569 3017 1788 3079 monet
1825 3015 1930 3076 his
1969 3017 2205 3078 verbis.
2245 3037 2282 3079 ‹<
2328 3017 2687 3080 Secundum
2729 3019 2943 3096 ponti·

601 3115 850 3177 ficalem
894 3114 1098 3177 ritum
1138 3113 1306 3175 idem
1348 3115 1449 3176 est
1488 3114 1802 3176 Hercules
1842 3117 1951 3192 qui
1982 3114 2049 3176 et
2075 3118 2255 3177 Mars
2287 3132 2337 3175 ».
2376 3117 2761 3193 Theologica
2790 3132 2941 3193 ergo

603 3215 855 3277 veritas
895 3212 1282 3274 censebatur
1322 3213 1486 3275 haec
1525 3213 1752 3275 unitas
1793 3213 1861 3276 et
1901 3214 1970 3273 in
2010 3213 2248 3275 divinis
2309 3216 2717 3292 pervulgata.
2766 3215 2945 3277 Alte—

603 3328 750 3373 ram
786 3311 1110 3373 Varronis
1152 3311 1515 3387 opinionem
1557 3313 1739 3374 circa
1779 3312 2079 3373 Herculis
2107 3311 2364 3374 stellam
2394 3314 2697 3374 docemur
2728 3313 2808 3374 ab
2837 3328 2946 3375 eo-

606 3412 751 3484 dem
793 3411 1017 3471 Servio
1056 3409 1173 3470 loc.
1205 3409 1314 3471 cit.
1356 3426 1416 3470 V.
1459 3407 1594 3469 285.
1636 3430 1674 3470 «
1719 3410 1984 3472 Chaldei
2028 3409 2289 3473 stellam
2332 3411 2568 3473 Martis
2597 3410 2943 3472 Herculem

603 3507 849 3582 dicunt,
890 3525 1046 3586 quos
1085 3510 1297 3571 ‘Varro
1339 3510 1634 3586 sequitur
1678 3527 1732 3569 2».
1775 3510 1902 3571 Ofr.
1944 3509 2110 3571 Plin.
2152 3512 2230 3571 N.
2260 3512 2336 3572 H.
2370 3510 2459 3572 ll.
2493 3508 2532 3567 8
2561 3512 2626 3573 et
2651 3511 2837 3589 Apul.
2866 3511 2945 3573 de

607 3607 849 3670 mundo
887 3624 947 3684 p.
993 3605 1109 3665 169
1148 3624 1204 3669 c.
1245 3606 1298 3667 2.
2175 3616 2182 3619 ἢ

665 3757 703 3807 2
733 3757 946 3809 chaldei
977 3758 1081 3809 BP.

1643 4014 1921 4093 XLIX.

1571 4169 1716 4238 (111.
1757 4167 1852 4223 16.
1893 4168 1991 4238 12)

687 4361 718 4396 ι
754 4346 858 4410 Qui
897 4345 995 4416 (M.
1032 4348 1244 4414 Varro)
1280 4360 1623 4404 enumerans
1656 4360 1804 4418 quae
1838 4348 1897 4403 in
1932 4346 2138 4416 quibus
2173 4346 2374 4404 Italiae
2408 4345 2676 4417 partibus
2722 4344 2945 4417 optima
2999 4348 3089 4405 12

606 4435 689 4492 ad
730 4436 945 4494 victum
983 4437 1314 4509 gignantur,
1349 4438 1495 4509 pisci
1532 4436 1803 4495 Tiberino
1840 4437 2099 4510 palmam
2135 4437 2345 4495 tribuit
2377 4435 2469 4493 his
2494 4435 2691 4493 verbis
2713 4435 2771 4491 in
2794 4433 2944 4491 libro
