3334 5192
670 375 758 437 52

689 540 694 547 .
760 493 835 552 In
862 490 997 567 Bip.
1025 488 1116 549 ed.
1145 505 1205 567 p.
1222 486 1354 564 ,218
1382 485 1548 550 haec
1576 485 1836 548 tantum
1865 486 2215 547 servantur
2246 506 2281 543 «
2312 499 2464 549 aras
2490 487 2773 564 primum
2804 502 3008 553 ansas

677 589 887 668 dictas
925 588 1090 664 quod
1129 587 1300 648 esset
1337 585 1781 647 necessarium
1846 600 1887 645 a
1932 585 2458 657 sacrificantibus
2519 601 2632 647 eas
2692 586 2920 647 teneri.
2964 607 3002 643 »

677 687 769 765 At
819 687 1112 751 Valesios
1152 687 1220 748 et
1258 684 1492 747 Fusios
1534 701 1576 745 a
1614 686 1912 745 Varrone
1963 684 2034 745 in
2075 683 2216 746 loco
2269 685 2399 749 isto
2462 685 2740 762 exempli
2780 684 3005 761 gratia

675 785 1049 866 nominatos
1091 799 1229 845 esse
1270 782 1454 846 docet
1491 798 1608 844 nos
1651 781 1914 843 Servius
1954 784 2107 843 Aen.
2164 784 2268 844 IV.
2309 781 2429 841 219
2469 800 2557 861 sq.
2598 783 2765 847 haec
2808 783 3007 844 adno-

677 882 832 945 tans
899 902 935 940 α
996 883 1263 944 Veteres
1326 896 1477 945 asas
1549 879 1853 943 dicebant
1910 880 2135 957 postea
2196 895 2348 940 aras
2417 881 2756 955 dixerunt,
2834 880 3008 943 sicut

677 981 973 1044 Valesios
1016 980 1327 1055 Valerios,
1370 979 1598 1041 Fusios
1643 980 1892 1048 Furios
1945 978 2111 1055 quod
2168 979 2381 1039 Varro
2439 976 2604 1039 libro
2643 978 2714 1038 V.
2760 979 3005 1050 Rerum

678 1079 1053 1155 divinarum
1094 1078 1345 1156 plenius
1372 1076 1698 1153 narrat».
1721 1075 1850 1136 Gfr.
1880 1074 2148 1137 Merkel.
2181 1075 2262 1136 ad
2290 1076 2449 1136 Ovid
2476 1076 2655 1138 Fast.
2683 1092 2746 1152 p.
2774 1089 3011 1139 cxvm.

677 1179 850 1240 Hinc
889 1180 1087 1238 Ianus
1127 1177 1197 1237 et
1242 1174 1685 1252 Eyssenhardt
1743 1173 2077 1249 integrum
2117 1173 2330 1234 locum
2388 1173 2469 1234 ut
2515 1174 3005 1235 Varronianum

682 1275 1136 1339 existimantes
1193 1273 1467 1335 diversis
1520 1271 2017 1333 characteribus
2057 1270 2207 1334 iure
2246 1270 2483 1332 merito
2533 1271 3011 1348 exscriperunt.

750 1474 778 1522 l
811 1487 983 1524 amas
1003 1472 1165 1538 aliqq.
1189 1472 1339 1523 MSS.
1374 1473 1538 1538 Lugd.
1576 1477 1629 1523 et
1647 1478 1772 1523 vett.
1808 1471 1921 1522 edd.
1946 1471 2019 1536 112
2038 1487 2107 1522 ea
2125 1472 2294 1536 Lugd.
2327 1479 2381 1523 et
2398 1472 2469 1524 al.
2505 1472 2621 1524 edd.
2643 1472 2718 1538 [13
2736 1482 2919 1538 cepta-s·
2935 1473 2957 1538 ΙΙ
2979 1473 3016 1522 4

697 1554 945 1604 Valesios
977 1569 1076 1604 om.
1112 1554 1174 1604 P.
1211 1554 1466 1604 valer-im·
1495 1553 1574 1603 B'.

1740 1889 1934 1968 XLI.

1659 2044 1803 2113 (ιιι.
1841 2045 1903 2102 2.
1943 2045 2039 2115 11)

755 2237 794 2278 «
826 2223 1018 2278 Varro
1052 2222 1113 2279 in
1159 2222 1311 2286 libro
1355 2223 1554 2293 quinto
1601 2222 1825 2281 decimo
1871 2223 2092 2279 Rerum
2136 2223 2476 2280 Divinarum
2516 2223 2606 2280 ita
2639 2223 2823 2281 refert
2857 2225 3010 2294 quod

684 2310 945 2382 pontifex
977 2312 1038 2369 in
1079 2311 1263 2369 sacris
1309 2312 1648 2382 quibusdam
1695 2312 1938 2369 vitulari
1966 2337 1968 2341 ⁴
1998 2312 2206 2384 soleat,
2254 2311 2408 2383 quod
2454 2310 2659 2369 Graeci
2682 2311 3013 2390 παιωνίζειν

687 2402 918 2458 vocant.
946 2420 980 2457 ν

705 2690 709 2696 .
767 2644 1037 2720 Legitur
1076 2645 1149 2707 in
1189 2646 1326 2724 Bip.
1367 2647 1464 2709 ed.
1504 2643 1642 2707 221.
1684 2641 1970 2709 Vitulari
2016 2646 2189 2708 idem
2221 2636 2330 2708 ‘est
2391 2661 2471 2706 ac
2532 2645 2774 2709 laetari
2816 2646 3013 2710 iuxta

687 2743 1105 2821 Macrobium‚
1146 2746 1257 2823 qui
1299 2746 1395 2809 ait
1433 2745 1706 2806 verbum
1749 2746 1870 2806 hoc
1912 2746 2079 2822 apud
2120 2744 2444 2807 Pictorem
2494 2743 2782 2807 inveniri
2824 2746 2891 2808 et
2934 2745 3015 2806 ab

691 2840 865 2905 Titio
904 2842 1006 2905 ita
1045 2843 1447 2919 explicatum
1485 2858 1646 2905 esse.
1690 2842 1757 2902 Id
1818 2858 2065 2919 quoque
2104 2841 2434 2918 colligitur
2494 2857 2580 2902 ex
2618 2845 2875 2903 Graeca
2913 2843 3019 2904 in-

689 2937 1155 3014 terpretatione
1199 2956 1240 3001 a
1279 2941 1575 3002 Varrone
1637 2941 1914 3002 adiecta:
1977 2938 2155 2999 παιοὶν
2213 2940 2386 3000 enim
2444 2939 2516 3002 in
2574 2941 2844 3004 Graecis
2885 2956 3015 3003 non

688 3035 876 3097 modo
915 3036 1228 3114 Apollinis
1272 3038 1673 3115 aliorumque
1712 3039 1978 3099 deorum
2018 3039 2149 3099 fuit
2187 3038 2488 3116 hymnuS,
2509 3038 2619 3099 sed
2660 3039 2863 3101 etiam
2893 3055 3021 3103 vox

690 3132 992 3197 laetitiae
1031 3136 1110 3197 ob
1150 3137 1496 3199 victoriam
1537 3138 1605 3200 et
1642 3137 1714 3197 in
1755 3136 1947 3198 rebus
1987 3134 2301 3199 secundis.

753 3325 788 3376 2
830 3321 1082 3399 παιανίζ
1081 3342 1157 3384 ειν
1186 3341 1386 3381 vocant
1417 3345 1516 3380 om.
1550 3329 1610 3380 P.
1643 3343 1752 3380 una
1781 3328 1926 3381 linea
1954 3331 2143 3382 relicta
2171 3345 2338 3382 vacua
2370 3329 2588 3398 (Ianus).

1730 3654 1966 3769 XLII.

1693 3807 1838 3878 (111.
1873 3808 1932 3864 4.
1969 3810 2031 3879 2)

759 4002 798 4043 «
833 3987 1024 4044 Varro
1061 3985 1211 4044 libro
1249 3986 1458 4044 octavo
1482 3988 1700 4043 Rerum
1723 3986 2063 4044 Divinarum
2086 3986 2387 4045 delubrum
2410 3988 2499 4045 ait
2521 3988 2671 4046 alios
2706 3988 3023 4046 aestimare

690 4077 776 4157 in
766 4091 913 4170 quo
922 4077 1169 4151 praeter
1202 4076 1404 4134 aedem
1442 4077 1522 4134 sit
1555 4090 1698 4135 area
1729 4077 2040 4147 adsumpta
2076 4077 2249 4134 deum
2283 4091 2461 4135 causa
2514 4079 2584 4135 ιιι
2634 4078 2727 4135 est
2760 4078 2819 4135 in
2853 4078 3025 4134 Circo

689 4160 969 4250 Flaminio
1005 4166 1158 4224 Iovis
1193 4165 1467 4235 Statoris,
1503 4164 1652 4223 alios
1687 4164 1747 4222 in
1781 4178 1894 4235 quo
1936 4165 2064 4221 loco
2111 4165 2207 4221 dei
2262 4165 2639 4225 simulacrum
2689 4165 3026 4239 dedicatum

691 4254 773 4313 sit
807 4255 871 4325 et
884 4255 1113 4329 adiecit
1149 4254 1301 4313 sicut
1335 4255 1524 4312 locum
1562 4253 1622 4310 in
1649 4268 1768 4324 quo
1819 4253 2070 4325 figerent
2118 4253 2418 4313 candelam
2469 4255 2876 4316 candelabrum
2912 4268 3027 4327 ap-

605 4360 633 4400 5
685 4325 990 4423 penatum,
1021 4345 1106 4403 ita
1139 4346 1199 4403 in
1232 4360 1346 4415 quo
1381 4345 1554 4402 deum
1588 4344 1868 4415 ponerent
1900 4343 2259 4403 nominatum
2294 4343 2687 4405 delubrum.»
2739 4409 2744 4412 p

3078 2221 3163 2278 11
