3334 5192
696 426 778 484 34

691 544 980 617 probatur
1010 498 1169 612 qnod
1200 543 1275 599 ab
1310 544 1439 614 ipso
1475 543 1744 609 Quintilis
1793 543 2027 614 quintus
2073 545 2167 602 est
2219 546 2281 602 et
2336 545 2604 617 deinceps
2644 559 2754 617 pro
2791 559 3035 603 numero

693 634 1159 693 nominabantur.
1195 648 1228 684 ›

767 842 947 901 Haec
970 842 1119 902 erat
1140 841 1504 901 communis
1525 844 1968 902 Romanorum
1989 842 2285 904 doctrina
2306 844 2487 904 circa
2511 842 2824 904 Martium
2849 859 3033 904 men—

693 956 846 1012 sem,
890 941 966 1003 ut
1004 939 1280 1017 legimus
1321 941 1388 1001 in
1447 940 1624 1002 Ovid.
1683 941 1859 1002 Fast.
1915 941 2020 1002 111.
2075 937 2155 997 97
2197 957 2349 1018 sqq„
2391 940 2587 1002 Solin.
2630 942 2852 1017 Polyh.
2894 956 2946 1001 c.
2998 946 3021 999 l

691 1057 751 1117 p.
791 1037 852 1115 3,
897 1039 1229 1102 Plutarch.
1273 1041 1466 1100 Num.
1510 1054 1565 1100 0.
1612 1036 1707 1105 19.
1756 1041 1934 1100 Serv.
1995 1039 2076 1100 ad
2137 1040 2316 1116 Virg.
2371 1041 2598 1115 Georg.
2642 1041 2689 1099 I.
2748 1038 2845 1113 43,
2885 1039 3028 1101 Isid.

690 1137 862 1213 Orig.
903 1139 979 1198 V.
1022 1136 1120 1214 33,
1161 1134 1220 1212 5,
1265 1138 1575 1199 Laurent.
1617 1138 1772 1213 Lyd.
1814 1139 1860 1197 I.
1896 1136 1968 1195 14
2010 1137 2078 1199 et
2123 1135 2215 1210 16;
2244 1139 2346 1199 IV.
2376 1136 2473 1197 63.
2502 1137 2743 1198 Eadem
2783 1152 3030 1214 quoque

689 1237 903 1298 Varro
943 1234 1271 1312 professus
1311 1235 1411 1297 est
1451 1235 1523 1297 in
1541 1235 1709 1296 libro
1737 1235 1812 1297 de
1840 1235 2187 1308 1110113111113,
2217 1236 2346 1313 qui,
2378 1235 2453 1297 ut
2481 1236 2778 1312 superius
2806 1236 3028 1306 statui,

688 1337 827 1396 XV.
869 1338 1017 1396 Rer.
1081 1335 1272 1395 Hum.
1327 1334 1518 1394 valde
1575 1333 1999 1410 probabiliter
2051 1333 2200 1405 fuit3
2258 1350 2417 1396 nam
2471 1334 2886 1396 Oensorinus-
2918 1335 3032 1412 qui

689 1434 1078 1495 documenta
1118 1449 1244 1494 sua
1287 1432 1470 1494 circa
1510 1448 1765 1494 menses
1808 1449 1843 1492 e
1886 1433 2180 1493 Varrone
2212 1433 2432 1509 aperte
2452 1433 2795 1505 derivavit,
2836 1448 2888 1493 c.
2929 1431 3028 1492 22.

689 1549 747 1608 p.
796 1529 912 1591 120
951 1546 1079 1609 sqq.
1123 1531 1217 1592 ed.
1288 1532 1719 1608 Havercamp,
1776 1531 1941 1593 11300
2002 1531 2185 1608 ponit
2225 1552 2261 1587 «
2302 1530 2615 1593 Martium
2657 1546 2946 1592 mensem
2988 1549 3030 1593 a

687 1631 901 1692 Marte
958 1629 1214 1708 quidem
1277 1630 1686 1692 nominatum
1727 1646 1785 1704 a»,
1841 1632 1909 1692 et
1964 1629 2143 1691 infra
2183 1651 2220 1686 ‹<
2261 1630 2615 1699 Quintilem
2668 1631 2836 1708 quod
2888 1631 3030 1692 loco

692 1730 858 1806 apud
901 1729 1173 1792 Latinos
1216 1727 1420 1792 fuerit
1458 1729 1719 1806 quint0,
1763 1729 1920 1791 item
1962 1714 2296 1791 Sextilem
2324 1743 2403 1788 ac
2442 1728 2742 1805 deinceps
2786 1730 2865 1789 ad
2907 1730 3032 1790 De-

686 1828 1008 1890 cembrem
1055 1843 1094 1888 a
1134 1828 1425 1889 numeris
1470 1827 1823 1905 adpellatos
1866 1848 1921 1887 ιν.
1964 1828 2138 1888 Idem
2184 1830 2397 1889 Varro
2430 1843 2538 1889 *ea
2575 1828 2919 1890 confirmat
2952 1828 3029 1888 111

685 1927 757 1988 L.
800 1927 870 1986 L.
917 1927 1018 1987 VI.
1061 1924 1142 1982 33
1182 1927 1250 1987 et
1290 1924 1367 1983 34
1407 1925 1511 1986 1113
1571 1925 1788 1987 verbis
1852 1947 1887 1982 «
1929 1927 2250 1987 Mensium
2308 1926 2578 1987 nomina
2618 1925 2753 1987 fere
2797 1926 3030 2003 aperta

686 2025 858 2097 sunt,
902 2025 959 2085 si
993 2041 1033 2086 a
1063 2041 1104 2085 a
1135 2023 1391 2095 Martio,
1437 2025 1512 2086 ut
1543 2024 1795 2100 antiqui
1822 2024 2329 2099 constituerunt,
2357 2039 2676 2085 numeres
2699 2026 2869 2085 Nam
2892 2025 3029 2101 pri-

683 2138 829 2183 mus
874 2139 914 2183 a
955 2122 1170 2183 Marte
1211 2155 1292 2165 —-
1330 2122 1579 2183 Dehinc
1618 2121 1886 2199 quintus
1927 2122 2236 2191 Quintilis
2263 2121 2330 2184 et
2358 2122 2453 2182 310
2484 2121 2787 2198 deinceps
2827 2138 3029 2200 usque

688 2222 768 2282 ad
808 2221 1224 2282 Decembrem
1272 2237 1313 2281 a
1354 2236 1627 2284 numero
1667 2242 1723 2280 ».

749 2430 775 2479 1
818 2433 1091 2488 Quintilis
1125 2434 1233 2495 qui
1265 2433 1500 2497 quintus
1531 2430 1693 2496 aliqq.
1725 2430 1871 2481 MSS.
1921 2440 1973 2481 et
2004 2432 2119 2482 edd.

1711 2795 1996 2872 XVIII.

1605 2958 1685 3030 (1.
1726 2960 1825 3015 12.
1862 2960 1898 3015 3
1947 2960 2105 3031 sqq.)

747 3174 779 3209 ‹
816 3154 1137 3213 Secundum
1173 3168 1432 3211 mensem
1486 3153 1811 3211 nominavit
1848 3152 2173 3225 (Romulus)
2229 3156 2508 3229 Aprilem,
2547 3157 2613 3213 ut
2648 3158 2879 3227 quidam
2918 3172 3026 3229 pu-

676 3245 806 3303 tant
839 3259 971 3301 cum
1007 3243 1405 3315 adspiratione
1456 3244 1621 3313 quasi
1656 3244 1978 3314 Aphrilem‚
2028 3258 2064 3300 a
2120 3259 2328 3315 spuma
2375 3260 2551 3315 quam
2587 3246 2792 3303 Graeci
2844 3247 3028 3323 ἀφρὸν

682 3336 909 3407 vocant,
948 3335 1094 3392 unde
1136 3336 1274 3392 orta
1309 3336 1501 3391 Venus
1536 3335 1812 3391 creditur.
1852 3335 1911 3391 et
1947 3333 2095 3391 hanc
2131 3334 2366 3391 Romuli
2402 3335 2674 3393 asserunt
2714 3335 2891 3393 fuisse
2926 3350 3028 3391 ra-

679 3423 899 3479 tionem
935 3425 1001 3480 ut
1035 3423 1294 3494 primum
1329 3423 1559 3493 quidem
1598 3437 1857 3479 mensem
1904 3438 1941 3480 a
1977 3425 2149 3495 patre
2205 3437 2309 3480 suo
2347 3424 2565 3494 Marte,
2604 3424 2915 3482 secundum
2949 3425 3026 3482 ab

599 3522 629 3565 5
679 3518 901 3569 Aeneae
943 3514 1138 3568 matre
1173 3513 1395 3569 Venere
1431 3512 1779 3583 nominaret,
1818 3513 1879 3569 et
1914 3512 1976 3567 hi
2011 3511 2386 3583 potissimum
2410 3513 2544 3569 anni
2579 3514 2864 3585 principia
2899 3528 3027 3571 301-

680 3602 893 3658 varent
927 3616 964 3658 a
998 3600 1204 3671 quibus
1237 3603 1394 3659 esset
1428 3602 1676 3658 Romani
1709 3602 1960 3659 nominis
1996 3602 2184 3673 origo,
2229 3616 2364 3658 cum
2417 3601 2700 3673 hodieque
2744 3605 2803 3660 in
2840 3605 3025 3661 sacris

676 3691 932 3748 Martem
972 3691 1228 3762 patrem,
1269 3693 1554 3747 Venerem
1591 3690 1952 3761 genetricem
1990 3704 2279 3747 vocemus.

748 3779 861 3836 Sed
884 3779 1120 3851 cingius
1156 3781 1216 3837 in
1239 3794 1309 3836 00
1332 3779 1484 3836 111110
1513 3793 1687 3849 quem
1722 3780 1793 3836 de
1828 3779 1998 3837 fastis
2034 3780 2275 3851 reliquit
2309 3780 2398 3837 ait
2434 3781 2709 3852 imperite
2741 3783 3026 3852 quosdam

678 3869 907 3940 opinari
940 3870 1202 3940 Aprilem
1238 3884 1498 3927 mensem
1531 3869 1803 3939 antiquos
1849 3885 1887 3926 a
1942 3872 2167 3925 Venere
2212 3870 2451 3942 dixisse,
2498 3887 2632 3929 cum
2673 3874 2864 3931 nullus
2898 3874 3025 3931 dies

574 3965 626 4007 10
674 3958 861 4017 festus
885 3958 1222 4029 nullumque
1258 3958 1612 4016 sacrificium
1648 3960 1873 4031 insigne
1897 3960 2106 4017 Veneri
2141 3974 2250 4033 per
2286 3962 2436 4019 hunc
2469 3977 2730 4020 mensem
2763 3978 2803 4020 3
2838 3964 3026 4020 maio-

676 4047 841 4104 ribus
883 4048 1220 4106 institutum
1269 4048 1369 4118 sit,
1420 4048 1521 4105 sed
1567 4063 1640 4106 ne
1688 4050 1747 4106 in
1788 4050 2142 4109 carminibus
2181 4050 2413 4120 quidem
2450 4051 2741 4108 Saliorum
2780 4053 3024 4110 Veneris

677 4138 799 4195 ulla
833 4139 902 4195 ut
937 4138 1271 4196 ceterorum
1307 4138 1651 4196 caelestium
1687 4140 1815 4197 laus
1849 4139 2192 4196 celebretur.
2229 4140 2431 4211 Cingio
2456 4141 2636 4198 etiam
2660 4144 2852 4199 Varro
2887 4157 3024 4198 con-

677 4230 857 4287 sentit
889 4229 1209 4288 adfirmans
1245 4245 1454 4287 nomen
1489 4230 1733 4287 Veneris
1769 4243 1841 4286 ne
1879 4228 1986 4287 sub
2011 4229 2246 4301 regibus
2270 4230 2503 4300 quidem
2539 4230 2695 4302 apud
2730 4232 3022 4288 Romanos

676 4320 770 4376 vel
807 4320 1077 4377 Latinum
1114 4320 1207 4377 vel
1244 4322 1530 4376 Graecum
1563 4319 1741 4377 fuisse
1764 4322 1827 4376 et
1850 4319 1979 4376 ideo
2005 4335 2118 4376 non
2140 4319 2404 4392 potuisse
2432 4334 2689 4377 mensem
2725 4334 2763 4376 a
2798 4322 3021 4378 Venere

570 4409 622 4453 ¹⁵
673 4408 980 4465 nominari.
1017 4408 1120 4467 sed
1154 4423 1287 4465 cum
1341 4407 1462 4465 fe're
1493 4408 1632 4466 ante
1687 4405 2113 4479 aequinoctium
2150 4423 2396 4466 vernum
2445 4410 2626 4467 'triste
2680 4410 2765 4468 sit
2797 4409 3021 4466 caelum

672 4495 736 4552 et
768 4496 1014 4555 nubibus
1049 4497 1382 4570 obductum,
1421 4497 1524 4555 sed
1559 4498 1622 4555 et
1656 4511 1823 4555 mare
1845 4497 2256 4569 navigantibus
2275 4499 2582 4571 clausum·
2600 4501 2797 4558 terrae
2832 4501 3016 4558 etiam

3115 3785 3196 3840 12

3108 4141 3195 4196 18

3110 4408 3204 4464 14
