3334 5192
761 1120 1536 1202 VARRONIANA
1590 1121 1711 1199 IN
1767 1119 2351 1201 MACROBIO

1451 1329 1665 1338 ——

1223 1737 1448 1800 CAPUT
1489 1751 1888 1800 smeumssn.

468 2034 560 2093 De
600 2031 1036 2094 Varronianis
1074 2030 1233 2093 locis
1274 2030 1527 2092 dicturo
1559 2031 1640 2091 ad
1665 2029 2149 2107 Antiquitatum
2188 2030 2385 2092 libros
2427 2030 2726 2108 spectan-

386 2129 584 2208 tibus,
625 2129 703 2193 ut
761 2129 832 2191 in
893 2128 1420 2191 saturnaliorum
1482 2127 1970 2190 commentariis
2012 2128 2457 2203 inveniuntur,
2512 2145 2734 2207 pauca

388 2228 551 2290 mihi
590 2227 893 2290 videntur
930 2225 1403 2304 praenotanda.

468 2329 868 2402 Quamquam
910 2323 1079 2385 nihil
1120 2323 1373 2386 obstitit
1412 2324 1756 2401 quominus
1810 2325 2181 2386 Macrobius
2235 2326 2725 2388 Varronianum

387 2423 550 2487 illud
591 2440 746 2501 opus
787 2424 1007 2486 videre
1051 2440 1129 2485 ac
1169 2423 1385 2499 legere
1445 2423 1776 2499 potuisset,
1845 2423 2118 2486 attentis
2158 2422 2385 2485 tamen
2430 2425 2734 2487 animad-

385 2522 793 2584 versionibus
850 2536 1012 2599 quas
1052 2521 1543 2600 praeposuimus
1606 2522 1684 2582 de
1744 2520 2082 2583 tralaticio
2124 2522 2449 2584 scribendi
2490 2538 2732 2599 genere

385 2622 551 2697 quod
592 2620 972 2683 constanter
1012 2621 1390 2697 persecutus
1432 2619 1549 2692 est,
1593 2619 1791 2696 deque
1842 2618 2231 2696 scriptorum
2297 2620 2510 2682 indole
2569 2637 2734 2698 quos

387 2718 778 2782 imitabatur
816 2717 1042 2795 utpote
1104 2716 1376 2780 consilio
1418 2733 1538 2779 suo
1581 2717 2006 2780 multimodae
2057 2716 2356 2780 lectionis
2396 2718 2729 2781 ostentan-

390 2816 511 2879 dae
539 2817 747 2892 magis
791 2816 1326 2887 accommodatOS,
1354 2815 1580 2892 nequit
1605 2831 1721 2892 pro
1749 2816 1931 2877 certo
1962 2816 2279 2908 affirmari
2310 2832 2457 2877 eum
2482 2817 2727 2879 vidisse

394 2917 588 2992 atque
625 2931 855 2993 reapse
895 2915 1146 2992 legisse.
1176 2915 1332 2975 Veri
1361 2913 1768 2975 simillimum
1798 2914 1972 2976 enim
2002 2913 2390 2976 credendum
2435 2915 2534 2978 est
2558 2917 2732 2976 Var-

390 3013 700 3076 ronianos
739 3013 912 3076 locos
956 3011 1038 3074 ab
1079 3029 1154 3075 eo
1193 3013 1456 3089 relatOS,
1519 3012 1665 3074 illos
1727 3012 2112 3090 praesertim
2173 3014 2247 3074 in
2308 3014 2539 3090 quibus
2594 3031 2727 3076 non

391 3110 579 3174 modo
624 3110 909 3174 auctoris
948 3127 1202 3186 nomen,
1246 3111 1356 3172 sed
1398 3111 1597 3174 etiam
1641 3112 1709 3174 et
1748 3111 1916 3172 liber
1937 3111 2270 3174 indicatur
2300 3128 2336 3173 e
2366 3129 2490 3190 quo
2532 3113 2727 3177 datus

386 3210 569 3274 locus
610 3209 839 3272 erutus
880 3209 996 3287 est,
1041 3211 1113 3272 in
1155 3209 1374 3287 aliquo
1415 3209 1734 3286 scriptore
1794 3211 2228 3287 grammatico
2268 3211 2374 3273 vel
2415 3212 2733 3276 historico

390 3310 612 3373 eodem
655 3309 839 3370 modo
879 3308 1116 3371 citatos
1158 3308 1494 3370 exstitisse
1533 3323 1659 3385 quo
1704 3308 1771 3370 et
1811 3308 2183 3370 Macrobius
2224 3309 2410 3373 citat:
2436 3303 2453 3336 ¹
2496 3312 2728 3389 quippe

388 3408 615 3471 notum
641 3406 746 3468 est
770 3408 945 3469 hunc
972 3422 1079 3467 res
1105 3405 1433 3468 conlectas
1462 3405 1531 3468 et
1554 3406 1997 3482 comportatas
2026 3407 2238 3483 magis
2273 3424 2469 3485 quam
2501 3410 2732 3487 exqui-

387 3507 626 3570 rendas
668 3506 736 3568 et
775 3506 1246 3582 componendas
1310 3504 1688 3582 adamasse,.
1732 3503 1833 3566 uti
1875 3521 1910 3564 e
1950 3504 2289 3566 Gellianae
2346 3507 2729 3568 eruditionis

388 3621 514 3666 usu
554 3619 745 3683 quem
786 3603 948 3666 fecit
992 3602 1242 3665 abunde
1283 3601 1502 3681 liquet.
1544 3606 1684 3665 Hoc
1727 3609 1945 3666 autem
1991 3602 2334 3680 analogiae
2381 3620 2732 3680 argumen-

388 3704 531 3766 tum
570 3702 646 3765 fit
683 3701 988 3778 validiuS,
1032 3702 1089 3762 si
1130 3699 1377 3763 ceteros
1424 3701 1721 3764 auctores
1756 3701 2239 3764 consideremus
2279 3702 2564 3763 Varroni
2590 3701 2729 3779 ple-

390 3817 662 3878 rumque
702 3799 1125 3874 consociatos,
1168 3800 1280 3877 qui
1322 3800 1398 3861 de
1441 3800 1671 3862 iisdem
1712 3801 1906 3862 rebus
1931 3799 2266 3878 loquentes
2306 3801 2731 3863 inducuntur.

391 3898 720 3976 Improbus
748 3899 922 3960 enim
950 3898 1134 3960 labor
1173 3899 1441 3961 cunctos
1469 3898 1575 3960 vel
1602 3898 1935 3977 plerosque
1957 3898 2304 3975 scriptores
2331 3898 2732 3975 consulendi,

391 3996 508 4077 qui
536 3997 714 4058 circa
754 3996 926 4059 idem
969 3997 1427 4073 argumentum
1453 3996 1999 4075 disceptaverant,
2027 3998 2085 4058 si
2129 3997 2200 4058 in
2235 4013 2373 4058 una
2415 3997 2483 4059 et
2513 3997 2733 4061 altera

397 4235 401 4240 ,
459 4187 472 4216 ¹
504 4182 582 4233 Ex
611 4180 964 4233 Varronianis
1000 4181 1135 4232 locis
1169 4196 1203 4231 a
1232 4180 1505 4230 Macrobio
1552 4181 1865 4232 nominatim
1911 4182 2107 4243 allam,
2144 4181 2192 4231 si
2224 4182 2407 4232 demas
2455 4196 2623 4231 unum
2654 4182 2727 4235 ad

388 4263 563 4314 libros
594 4263 661 4312 de
692 4261 751 4311 L.
781 4261 842 4311 L.
878 4268 930 4311 et
960 4269 1187 4326 quatuor
1217 4262 1287 4312 ad
1319 4261 1414 4313 lib.
1450 4263 1516 4312 R.
1551 4264 1620 4313 R.
1654 4263 1996 4327 pertinentes,
2051 4263 2215 4314 ceteri
2273 4263 2490 4328 quidem
2531 4263 2588 4313 in
2619 4271 2734 4314 tres

390 4348 568 4407 partes
616 4342 792 4393 dividi
838 4349 1075 4407 possunt3
1127 4357 1355 4407 quarum
1386 4343 1613 4393 alteram
1645 4358 1675 4392 e
1710 4344 1905 4405 Gelli0‚
1944 4344 2166 4395 alteram
2200 4359 2327 4393 vero
2360 4358 2389 4392 e
2425 4343 2632 4405 Servi0,
2667 4359 2735 4394 ac

390 4423 604 4474 tertiam
635 4421 824 4488 procul
856 4421 1022 4472 dubio
1056 4438 1119 4472 ex
1149 4422 1276 4473 aliis
1326 4423 1690 4488 grammaticis
1721 4424 2082 4490 transcripsit„
2109 4439 2336 4489 quorum
2372 4439 2532 4490 opera
2564 4424 2736 4475 inter-

388 4504 655 4555 ciderunt.
