3334 5192
34 4520 41 4687 „„.„⁴-—.-.

2613 425 2658 485 5

310 543 399 603 de
426 542 901 619 significatione
943 562 982 598 <x
1012 540 1400 617 vestibuli»,
1443 539 1551 601 hic
1578 539 1834 616 colligit
1872 540 2238 618 exseritque
2279 542 2350 602 in
2385 541 2427 602 l.
2457 544 2559 604 VI.
2591 542 2649 603 8.

320 641 479 702 Pari
538 642 718 703 modo
764 641 835 703 at
872 640 1102 702 ordine
1162 655 1406 716 magna
1444 655 1529 700 ex
1569 640 1757 716 parte
1798 640 2138 702 immutato
2191 641 2519 717 congessit
2579 642 2654 703 in

318 737 359 797 l.
406 739 452 798 Ι.
495 737 535 796 5
575 738 799 800 omnia
838 754 1005 815 quae
1047 736 1159 798 ille
1199 739 1422 799 monet
1459 739 1533 798 in
1575 738 1610 799 l.
1652 741 1698 800 Ι.
1735 737 1809 798 10
1848 739 1926 799 de
1962 755 2085 799 usu
2125 760 2162 795 «
2215 738 2652 816 infrequentis

312 836 388 898 et
428 835 769 898 insolentis
801 835 983 897 berbi
1010 856 1066 911 »,
1096 836 1165 895 in
1195 835 1234 895 l.
1263 838 1310 896 Ι.
1342 834 1418 893 16
1442 835 1523 896 de
1549 852 1821 897 numero
1851 857 1887 893 4<
1910 836 2089 898 mille
2112 850 2165 909 »,
2195 837 2268 897 in
2289 837 2330 898 1.
2354 822 2581 898 XVIII'.
2608 836 2651 895 2

318 933 401 994 de
441 936 512 996 vi
571 935 756 1005 verbi
800 956 835 992 «
876 934 1213 997 remittere
1255 954 1310 1007 »,
1354 934 1424 994 in
1464 934 1511 994 l.
1550 935 1716 996 VIII.
1764 934 1838 992 14
1879 936 1956 996 de
1997 936 2208 997 tribus
2260 936 2651 1014 philosophis

310 1033 657 1094 Garneade
719 1049 801 1095 ex
840 1033 1210 1109 Academia,
1274 1031 1556 1108 Diogene
1618 1033 1848 1109 Stoico,
1893 1033 2178 1095 Critolao
2219 1034 2652 1111 Peripatetico

321 1132 820 1193 Atheniensium
860 1130 1093 1208 legatis
1126 1131 1206 1193 ad
1235 1132 1538 1192 senatum
1581 1134 1965 1193 Romanum.
2009 1132 2171 1195 Item
2196 1148 2484 1212 quaeque
2512 1136 2656 1197 Gel-

324 1231 453 1291 lius
495 1232 563 1291 in
604 1231 644 1293 l.
693 1233 760 1293 V.
807 1229 883 1288 17
923 1231 1224 1292 meminit
1263 1230 1447 1290 circa
1487 1251 1524 1287 «
1554 1230 1691 1291 dies
1733 1230 2186 1306 postriduanos
2214 1252 2250 1289 ›>
2292 1249 2545 1295 necnon
2587 1235 2654 1297 et

312 1345 360 1388 «t
391 1330 694 1406 quartum
735 1329 906 1389 diem
947 1327 1281 1389 Kalendas
1310 1327 1416 1388 vel
1444 1328 1667 1389 Nonas
1710 1327 1815 1388 vel
1839 1329 1986 1390 Idus
2014 1348 2049 1385 2>
2083 1329 2472 1407 Macrobius,
2505 1330 2652 1391 dum

318 1425 445 1488 sibi
487 1427 780 1489 vindicat
818 1426 885 1486 in
926 1426 968 1487 l.
998 1429 1043 1486 Ι.
1078 1424 1172 1503 16,
1205 1425 1679 1503 aliquantulum
1720 1425 1991 1489 innovat
2013 1427 2389 1505 diversaque
2431 1443 2655 1490 conse-

310 1526 582 1586 cutione
624 1525 935 1587 recenset.

401 1624 719 1687 Auctores
760 1639 983 1686 omnes
1028 1638 1070 1683 a
1111 1622 1316 1684 Gellio
1362 1623 1603 1686 citatos
1645 1624 1713 1685 et
1751 1623 1860 1684 hic
1901 1624 2085 1700 quasi
2148 1640 2399 1701 semper
2460 1624 2654 1687 citat:

319 1721 652 1784 interdum
690 1723 915 1783 tamen
960 1720 1234 1782 alicuius
1274 1722 1704 1784 Grammatici
1743 1734 1981 1784 nomen
2028 1723 2319 1785 consulto
2361 1721 2655 1801 praeter-

321 1821 546 1896 mittit,
591 1821 880 1881 maxime
925 1834 1074 1880 cum
1117 1820 1194 1880 de
1234 1820 1796 1883 observationibus
1824 1821 1893 1881 in
1920 1821 2281 1897 Vergilium
2323 1839 2534 1884 sermo
2566 1823 2657 1895 fit,

311 1936 447 1996 quo
495 1919 1126 1980 animadversionem
1170 1918 1252 1978 ab
1298 1918 1425 1981 alio
1466 1918 1716 1980 factam
1758 1918 1964 1980 veluti
1994 1920 2324 1996 propriam
2370 1937 2449 1982 ac
2488 1922 2658 1984 tam-

320 2033 522 2094 quam
564 2033 599 2077 e
641 2032 813 2093 penu
851 2032 966 2078 suo
1006 2008 1268 2078 omnino
1309 2015 1752 2093 depromptam
1794 2016 1982 2076 edere
2022 2016 2147 2077 sibi
2190 2017 2405 2079 liceat.
2442 2019 2545 2081 Ita
2584 2018 2658 2079 in

324 2115 436 2178 cit.
479 2116 620 2177 loco
660 2117 764 2176 VI.
806 2114 862 2186 8,
906 2115 1015 2175 ubi
1059 2115 1356 2192 quaestio
1398 2114 1500 2176 est
1539 2115 1619 2175 de
1637 2115 2037 2191 Vergilianis
2077 2115 2210 2176 illis
2254 2137 2290 2173 «
2332 2119 2472 2193 Ipse
2508 2118 2658 2186 Qui-

325 2214 526 2276 rinali
569 2214 731 2276 lituo
773 2235 808 2270 »
852 2213 994 2289 etc.,
1035 2228 1166 2275 non
1209 2212 1448 2274 dicitur
1486 2213 1768 2288 Higinus
1810 2213 2088 2286 notasse,
2133 2212 2236 2275 uti
2277 2214 2524 2276 Gellius
2561 2215 2658 2276 te-

311 2312 558 2384 statur,
603 2312 674 2372 in
713 2311 894 2373 hisce
935 2312 1152 2373 verbis
1193 2311 1408 2372 deesse
1473 2311 1733 2388 aliquid,
1797 2312 1905 2373 sed
1946 2310 2179 2374 contra
2221 2312 2466 2388 legitur
2506 2334 2544 2370 «
2584 2313 2657 2373 in

323 2412 445 2472 hoc
504 2426 700 2472 versu
759 2410 1017 2473 videtur
1078 2409 1242 2471 mihi
1302 2409 1521 2471 deesse
1568 2408 1813 2486 aliquid
1856 2431 1910 2468 >›.
1954 2411 2028 2469 In
2069 2409 2112 2469 l.
2153 2411 2259 2470 VI.
2303 2410 2342 2467 7
2384 2426 2515 2472 non
2558 2410 2658 2482 est

325 2509 652 2571 Cornutus
692 2511 1004 2569 Annaeus
1043 2508 1172 2585 qui,
1231 2507 1306 2569 ut
1359 2507 1738 2584 perhibetur
1781 2523 1821 2567 a
1861 2507 2066 2569 Gellio
2106 2508 2177 2568 in
2217 2507 2260 2567 l.
2303 2510 2379 2568 Π.
2422 2509 2480 2582 6,
2500 2511 2659 2571 Ver-

322 2609 554 2684 gilium
598 2608 902 2668 autumat
953 2621 1086 2668 non
1141 2607 1318 2668 recte
1358 2607 1631 2667 verbum
1675 2625 1712 2662 «
1749 2621 2028 2666 vexasse
2071 2616 2118 2662 »·
2149 2605 2656 2683 interpetratum

323 2707 527 2767 fuisse
591 2722 738 2766 cum
798 2704 971 2766 dixit
1022 2721 1060 2764 «
1104 2704 1399 2766 Candida
1455 2703 1857 2767 succinctam
1918 2703 2319 2767 latrantibus
2378 2705 2658 2781 inguina

329 2804 633 2865 monstris
674 2802 1010 2865 Dulichias
1068 2818 1345 2864 vexasse
1409 2803 1588 2864 rates
1631 2822 1667 2860 »
1712 2801 1834 2864 etc.
1876 2802 2094 2878 Eclog.
2137 2804 2240 2863 VI.
2284 2802 2363 2861 75
2392 2819 2500 2890 sq„
2546 2805 2656 2865 sed

315 2900 397 2964 et
435 2903 569 2978 ipse
627 2902 995 2963 Macrobius
1035 2917 1152 2977 per
1191 2900 1516 2962 Avienum
1557 2917 1699 2962 sum
1741 2901 2027 2963 obiectat
2066 2901 2537 2963 difficultatem.
2582 2905 2658 2963 In

327 3000 370 3060 l.
419 3001 523 3060 VI.
564 2998 604 3056 8
644 3000 862 3060 eodem
922 2998 1183 3062 silentio
1243 2998 1562 3077 praeterit
1618 2999 1980 3078 Sulpicium
2039 2999 2506 3076 Apollinarem,
2549 3003 2656 3062 cui

326 3097 534 3159 Aulus
575 3097 616 3156 l.
656 3099 821 3158 XVI.
850 3095 892 3155 5
917 3096 1150 3161 tribuit
1188 3098 1355 3174 quod
1397 3097 1489 3158 ibi
1517 3098 1920 3174 disceptatur
1945 3097 2024 3158 de
2050 3098 2416 3176 particulae
2446 3121 2482 3155 «
2509 3114 2590 3161 ve
2620 3120 2657 3155 »

316 3194 825 3273 significatione.
870 3195 1105 3259 Cetera
1144 3196 1359 3257 sciens
1400 3196 1646 3271 omitt0,
1666 3212 1752 3257 ne
1795 3197 2093 3274 exempla
2120 3196 2657 3273 multiplicentur.

405 3293 582 3362 Quod
626 3292 845 3354 autem
890 3294 972 3353 ad
1013 3293 1305 3370 linguam
1346 3294 1646 3370 pertinet,
1692 3293 2075 3370 dignissima
2115 3292 2351 3356 notatu
2395 3293 2495 3356 est
2529 3310 2661 3357 ser-

324 3391 472 3454 vilis
513 3391 802 3453 imitatio
829 3390 1112 3452 Gelliani
1140 3393 1477 3467 sermoniS,
1508 3392 1580 3452 in
1607 3407 1803 3468 quam
1833 3393 2212 3469 saepissime
2254 3392 2522 3454 offendit
2548 3392 2659 3469 qui

318 3490 854 3553 saturnaliorum
895 3489 1096 3552 libros
1128 3491 1331 3552 sumit
1371 3490 1690 3566 legendos:
1731 3490 1952 3551 verius
1994 3491 2126 3552 imo
2166 3489 2370 3552 locuti
2397 3491 2657 3562 erimuS,

317 3589 383 3650 si
414 3587 877 3649 affirmabimus
913 3587 1313 3651 Macrobium
1352 3588 1633 3650 voluisse
1659 3589 1874 3666 potius
1914 3589 2189 3649 Gellium
2217 3589 2660 3651 transcribere

327 3701 519 3762 quam
560 3684 828 3747 imitari.
890 3678 1407 3762 Deprehenditur
1464 3686 1708 3761 tamen,
1770 3687 1882 3748 sed
1921 3702 2053 3751 non
2095 3687 2236 3748 sine
2276 3687 2433 3761 risu,
2496 3686 2660 3748 levis

323 3783 549 3858 aliqua
587 3784 787 3844 unius
850 3784 917 3845 et
982 3783 1257 3846 alterius
1319 3784 1664 3847 locutionis
1727 3786 2117 3858 immutati0‚
2160 3802 2327 3863 quae
2374 3801 2535 3847 sane
2579 3784 2661 3847 ad

333 3880 689 3956 augendam
720 3881 790 3941 in
831 3881 1019 3943 nobis
1044 3881 1243 3943 huius
1285 3882 1622 3960 scriptoris
1669 3882 2169 3945 admirationem
2209 3899 2343 3946 non
2380 3882 2659 3945 multum

326 3978 596 4053 confert,
640 3981 706 4042 et
743 3996 976 4058 parum
1017 3980 1299 4042 callidae
1344 3981 1631 4044 astutiae
1658 3982 1969 4043 indicium
2011 3982 2130 4044 est.
2172 3982 2281 4043 Sic
2319 3998 2420 4043 ex.
2462 3998 2558 4058 gr.
2587 3983 2660 4042 in

321 4075 658 4138 Saturnal.
701 4079 730 4136 Ι
771 4078 973 4154 praef.
1014 4095 1078 4140 n.
1125 4077 1202 4138 13
1243 4080 1410 4140 haec
1450 4079 1759 4155 leguntur
1801 4099 1838 4138 «
1867 4078 2283 4141 venustatem
2308 4079 2659 4156 reprehen-

328 4173 534 4235 sionis
575 4175 827 4235 incurri
870 4193 910 4238 a
949 4178 1036 4238 Μ.
1077 4178 1401 4255 quondam
1445 4177 1692 4239 Catone
1731 4177 2061 4255 profectae
2087 4177 2161 4238 in
2187 4179 2259 4238 A.
2287 4176 2594 4238 Albinum
2623 4198 2660 4234 »

318 4271 469 4348 etc„
511 4287 709 4348 quum
749 4273 819 4334 in
859 4275 1044 4337 Noot.
1085 4275 1217 4337 Att.
1259 4277 1368 4336 XI.
1411 4274 1468 4338 8.
1514 4274 1546 4334 l
1591 4277 1901 4352 scriptum
1944 4275 2032 4337 sit
2073 4296 2109 4332 ‹<
2150 4275 2321 4337 iuste
2361 4275 2663 4337 venuste-

322 4376 451 4448 que
494 4370 837 4433 admodum
879 4374 1367 4450 reprehendisse
1415 4374 1660 4436 dicitur
1699 4376 1769 4434 A.
1813 4374 2114 4434 Albinum
2152 4375 2237 4434 M.
2283 4373 2441 4435 Cato
2483 4394 2538 4434 »ε
2590 4374 2661 4433 in

323 4471 391 4530 S.
433 4471 481 4530 Ι.
523 4468 581 4529 5.
630 4468 662 4528 1
704 4491 743 4526 «κ
785 4469 885 4531 vis
946 4470 1133 4534 nobis
1190 4472 1395 4535 verba
1453 4471 1681 4534 multis
1743 4472 1875 4533 iam
1938 4470 2220 4534 saeculis
2281 4470 2664 4535 oblitterata
