3334 5192
2646 407 2724 465 47

388 523 467 580 sit
505 523 728 580 tradita
763 523 964 593 quaeri
1000 524 1155 580 solet
1189 522 1292 580 sed
1325 538 1435 580 nos
1467 524 1611 581 nihil
1648 538 1824 596 super
1859 537 1931 581 ea
1964 538 2032 579 re
2068 523 2352 593 scriptum
2400 514 2724 579 invenimus

386 614 498 670 nisi
534 614 687 683 quod
721 615 780 678 Q·
820 614 1094 671 Claudius
1128 613 1436 671 Annalium
1482 613 1684 684 quinto
1718 612 1945 669 cladem
1981 613 2144 669 illam
2178 612 2580 670 vastissimam
2618 627 2723 683 pu·

300 720 332 761 5
383 716 532 773 gnae
567 703 879 759 Cannensis
914 702 1131 759 factam
1165 701 1347 759 refert
1391 702 1529 759 ante
1576 702 1737 761 diem
1785 702 2066 771 quartum
2101 704 2294 759 Nonas
2347 701 2612 758 Sextiles.
2649 702 2726 758 ad

385 803 512 846 rem
549 806 687 848 sane
723 791 1044 848 militarem
1080 790 1221 847 nihil
1256 790 1520 848 adtinere
1560 792 1731 847 notat
1768 793 1961 847 Varro
1997 790 2199 847 utrum
2233 790 2420 847 fastus
2473 790 2565 846 vel
2621 803 2725 846 ne-

317 900 322 906 ·
385 879 644 938 nefastus
679 880 804 938 dies
840 881 919 936 sit
955 880 1054 937 sed
1090 880 1167 936 ad
1203 879 1360 938 solas
1395 879 1504 937 hoc
1538 881 1797 937 actiones
1832 880 2121 951 respicere
2156 880 2439 951 privatas,
2477 893 2512 935 >›

463 1124 679 1186 Etiam
718 1124 828 1195 hic
869 1125 1002 1201 Bip.
1047 1124 1141 1184 ed.
1186 1138 1242 1199 p.
1285 1122 1407 1182 372
1432 1123 1525 1184 nil
1571 1122 1753 1184 aliud
1793 1123 2056 1199 retinet,
2098 1138 2290 1202 quam
2318 1124 2719 1186 sententiam

385 1222 703 1283 Varronis
745 1241 780 1278 «
827 1220 908 1282 ad
949 1237 1088 1281 rem
1129 1220 1485 1284 militarem
1528 1238 1566 1278 »
1607 1222 1730 1283 etc.
1771 1220 2011 1282 Obvius
2050 1221 2275 1284 tamen
2316 1220 2726 1283 Macrobiani

332 1341 340 1347 ·
386 1319 510 1382 loci
552 1337 800 1393 sensuS,
841 1320 911 1380 ni
955 1319 1166 1393 fallor,
1210 1319 1368 1381 talis
1409 1318 1527 1393 est,
1570 1320 1645 1381 ut
1686 1319 1851 1395 quod
1911 1320 2123 1380 Varro
2184 1319 2263 1380 de
2322 1336 2395 1380 re
2446 1306 2726 1381 militari

388 1419 627 1481 asserit
667 1419 810 1479 ideo
850 1416 1297 1493 intelligamus
1341 1433 1489 1478 eum
1534 1418 1910 1491 asseruisse,
1952 1417 2109 1494 quia
2139 1418 2394 1480 Claudii
2435 1419 2725 1482 testimo-

388 1517 571 1578 nium
613 1517 691 1578 de
731 1532 952 1593 pugna
992 1515 1325 1577 Cannensi
1371 1514 1630 1591 aliaque
1673 1515 1737 1576 id
1778 1531 1983 1591 genus
2036 1515 2337 1593 exempla
2391 1517 2579 1578 edere
2620 1534 2729 1594 po-

386 1614 565 1678 terat
607 1631 686 1677 ac
726 1615 944 1693 reipsa
987 1614 1233 1677 edebat.
1278 1616 1414 1675 Hoc
1473 1630 1725 1691 quoque
1783 1614 2046 1676 videtur
2103 1616 2404 1692 consequi
2461 1631 2547 1676 ex
2586 1618 2726 1676 Ma·

385 1712 592 1775 crobii
635 1714 961 1776 locutione
1001 1736 1037 1772 «
1078 1712 1268 1777 notat
1311 1714 1520 1775 Varro
1562 1734 1598 1771 »
1627 1730 1843 1790 quam,
1873 1713 2049 1777 sacto
2077 1730 2372 1776 sermone
2398 1714 2477 1775 de
2505 1730 2727 1792 pugna

386 1813 590 1890 deque
632 1811 918 1888 Claudio,
970 1813 1148 1874 illico
1205 1812 1461 1884 adiecit;
1520 1828 1677 1873 nam
1718 1812 1788 1871 τὸ
1830 1833 1865 1868 α
1909 1812 2102 1875 notat
2143 1833 2179 1869 »
2240 1812 2618 1890 plerumque
2659 1815 2728 1876 et

387 1910 665 1972 maxime
707 1912 778 1972 in
818 1911 1338 1988 praesentiarum
1381 1911 1547 1971 idem
1590 1911 1783 1973 sonat
1827 1928 1904 1973 ac
1951 1911 2008 1972 si
2070 1911 2416 1974 diceretur:
2464 1911 2543 1972 ad
2585 1927 2725 1972 rem

385 2009 593 2072 notat.
658 2010 960 2073 Ceterum
1026 2012 1241 2072 Varro
1297 2009 1570 2071 annales
1638 2010 2055 2087 Quadrigarii
2127 2012 2382 2073 assidue
2451 2010 2724 2087 legebat,

384 2109 703 2186 huiusque
754 2109 1149 2171 imitatorem
1202 2124 1269 2169 se
1322 2107 1757 2184 gloriabatur,
1814 2109 2006 2171 iuxta
2047 2110 2259 2186 ipsum
2300 2108 2723 2179 Macrobium‚

385 2208 515 2269 vid.
558 2225 696 2285 cap.
740 2207 798 2268 5.
844 2206 934 2267 10.
976 2210 1066 2268 De
1107 2208 1230 2269 hoc
1270 2207 1373 2268 die
1427 2207 1779 2279 Cannensi,
1822 2209 2041 2270 monet
2080 2209 2298 2281 IanuS,
2339 2209 2407 2270 et
2447 2209 2525 2270 de
2577 2208 2725 2270 aliis

386 2306 496 2384 qui
518 2307 713 2368 erant
737 2306 1042 2368 similiter
1069 2305 1374 2381 religiosi,
1396 2305 1524 2366 vid.
1547 2303 1815 2366 Merkel.
1843 2306 1922 2366 ad
1951 2305 2128 2366 Ovid.
2147 2308 2324 2381 Fast,
2349 2324 2405 2382 p.
2430 2307 2724 2368 XXXIII.

387 2403 583 2466 Liber
622 2404 733 2465 cui
774 2404 937 2465 haec
977 2403 1189 2480 magis
1227 2392 1602 2480 competunt
1640 2404 1906 2465 videtur
1945 2419 2087 2464 esse
2134 2406 2281 2465 XIV
2336 2407 2484 2466 Rer.
2526 2407 2721 2466 Hum.

382 2502 463 2562 de
500 2501 738 2578 diebus,
781 2501 890 2561 ubi
932 2502 1009 2563 de
1050 2501 1239 2563 fastis
1279 2501 1349 2563 et
1386 2500 1660 2564 nefastis
1687 2504 1835 2561 erat
1860 2516 2082 2576 sermo,
2110 2502 2314 2578 deque
2340 2502 2533 2564 rebus
2564 2517 2725 2579 quas

384 2601 666 2664 vetitum
706 2602 855 2663 erat
894 2602 967 2662 in
1005 2600 1109 2662 his
1151 2599 1545 2678 temporibus
1588 2614 1918 2677 peragere.

452 2802 480 2850 1
509 2804 778 2853 Calendas
782 2839 919 2852 .....
935 2813 1212 2867 tamquarm
1241 2802 1410 2867 Lugd.
1435 2808 1500 2852 -et
1519 2808 1642 2852 vett.
1681 2801 1796 2851 edd.
1821 2803 1841 2866 ΙΙ
1863 2800 1895 2850 3
1915 2801 2097 2851 ‘nichil
2118 2801 2162 2850 P
2184 2801 2204 2865 ss
2226 2801 2257 2849 4
2277 2801 2520 2863 quintus
2541 2800 2630 2849 BP
2653 2800 2727 2863 Εὖ

387 2884 627 2933 Sextilis
658 2883 718 2944 P,
750 2883 916 2947 Lugd.
954 2889 1007 2933 et
1037 2888 1167 2933 vett.
1201 2883 1317 2933 edd.
1343 2883 1416 2947 116
1448 2884 1693 2932 attinere
1723 2882 1784 2942 P,
1815 2882 1986 2942 Ianus,
2019 2881 2185 2945 Lugd.
2221 2888 2273 2931 et
2303 2886 2425 2930 vett.
2471 2879 2591 2930 edd.

1400 3229 1713 3307 XXXII.

1382 3384 1459 3455 (1.
1499 3385 1594 3440 ιε.
1632 3384 1733 3453 as)

457 3576 493 3616 ‹<
527 3561 797 3618 Geminus
832 3561 920 3617 ait
954 3560 1108 3618 diem
1143 3561 1528 3620 nundinarum
1563 3564 1790 3621 exactis
1845 3562 1963 3620 iam
2010 3562 2247 3631 regibus
2281 3564 2541 3634 coepisse
2575 3564 2724 3620 eele-

388 3648 572 3721 brari‚
608 3650 741 3719 quia
774 3650 1034 3721 plerique
1069 3649 1142 3706 de
1175 3650 1341 3722 plebe
1376 3653 1630 3724 repetita
1665 3653 1852 3709 Servii
1897 3652 2077 3708 Tullii
2125 3653 2411 3709 memoria
2444 3652 2724 3724 parenta-

388 3739 523 3795 rent
556 3740 610 3795 ei
647 3740 927 3797 nundinis.
964 3741 1060 3796 cui
1094 3740 1183 3796 rei
1217 3741 1399 3797 etiam
1435 3743 1629 3798 Varro
1664 3741 1967 3799 consentit.
2007 3758 2039 3794 »

465 3977 871 4052 Quamquam
911 3975 1021 4036 hic
1062 3991 1189 4038 non
1230 3976 1442 4036 Varro
1483 3975 1593 4036 sed
1635 3976 1944 4037 Geminus
1985 3976 2288 4054 loquitur,
2319 3978 2546 4039 tamen
2572 3991 2725 4036 cum

387 4071 499 4133 ille
536 4072 734 4134 huius
780 4073 1152 4136 testimonio
1211 4073 1474 4135 dicatur
1535 4089 1844 4134 assensus
1885 4089 2044 4146 esse,
2097 4073 2310 4135 citata
2349 4072 2552 4134 verba
2592 4089 2723 4135 non

307 4172 316 4178 '
390 4171 604 4247 magis
630 4170 882 4232 Gemini
911 4188 1106 4248 quam
1131 4171 1451 4234 Varronis
1466 4172 1734 4251 propria
1752 4171 1911 4232 mihi
1935 4172 2243 4234 videntur
2265 4171 2727 4233 existimanda.

388 4269 512 4331 Sed
553 4267 907 4346 Bipontina
946 4269 1042 4330 ed.
1088 4270 1283 4333 aliter
1330 4269 1634 4346 decrevit,
1702 4269 1772 4332 et
1810 4268 2072 4332 silentio
2112 4284 2231 4331 suo
2286 4269 2727 4345 fragmentum

388 4366 562 4429 istud
607 4382 648 4429 a
688 4368 982 4430 Varrone
1027 4366 1446 4433 abiudicavit.
1487 4368 1829 4431 Nundinas
1885 4367 2060 4431 inter
2120 4366 2726 4431 ferias'recensitas

388 4481 530 4527 esse
572 4464 924 4529 adfirmant
963 4465 1165 4528 Iulius
1224 4468 1490 4542 Caesar,
1549 4465 1890 4529 Cornelius
1930 4466 2163 4539 Labeo,
2205 4464 2490 4527 Granius
2549 4465 2727 4527 Lici-
