3334 5192
485 575 492 581 ἰ
567 515 595 556 5

548 966 596 1010 10

648 389 728 448 28

648 521 718 562 ac
750 505 930 562 tertio
981 505 1135 561 idem
1171 505 1532 576 contigisset,
1579 504 1800 560 armati
1848 502 2087 574 plurimi
2123 517 2232 574 pro
2290 503 2487 559 limine
2543 502 2677 572 quia
2712 499 2985 557 claudere

648 594 953 664 nequibant
987 594 1258 651 custodes
1293 594 1605 664 steterunt,
1659 606 1902 662 cumque
1949 608 2020 649 ex
2056 593 2176 649 alia
2226 592 2399 664 parte
2435 592 2721 649 acerrimo
2758 591 2982 665 praelio

646 684 994 754 certaretur,
1033 684 1224 740 subito
1259 683 1416 740 fama
1448 683 1697 755 pertulit
1730 682 1892 739 fusos
1927 698 1963 739 a
2012 683 2183 739 Tatio
2222 683 2474 739 nostros.
2523 696 2697 752 quam
2734 681 2809 737 ob
2844 695 2981 737 cau·
3037 682 3111 738 18

647 787 773 829 sam
810 774 1054 829 Romani
1091 774 1187 842 qui
1231 772 1456 829 aditum
1501 771 1819 829 tuebantur
1842 771 2041 828 territi
2065 772 2465 843 profugerunt.
2510 785 2753 840 cumque
2789 768 2983 825 Sabini

644 876 747 933 per
791 863 1030 933 portam
1077 862 1377 933 patentem
1414 862 1710 932 inrupturi
1744 862 1957 930 essent,
2011 861 2198 917 fertur
2242 875 2316 918 ex
2352 861 2495 917 aede
2530 862 2649 918 Iani
2687 875 2793 931 per
2840 859 2985 916 hanc

648 955 884 1026 portam
921 968 1197 1024 magnam
1234 954 1357 1009 vim
1393 953 1750 1009 torrentium
1777 951 1944 1008 undis
1970 951 2327 1008 scatentibus
2369 951 2631 1022 erupisse
2655 949 2983 1019 multasque

642 1043 1025 1116 perduellium
1060 1045 1329 1098 catervas
1364 1042 1469 1097 aut
1505 1042 1747 1096 exustas
1785 1040 2029 1096 ferventi
2068 1041 2172 1096 aut
2213 1039 2529 1096 devoratas
2566 1039 2774 1111 rapida
2812 1052 2989 1094 vora-

644 1134 776 1204 gine
809 1134 1119 1204 deperisse.
1168 1147 1238 1187 ea
1271 1145 1338 1186 re
1375 1131 1654 1203 placitum
1693 1130 1758 1185 ut
1795 1128 1932 1185 belli
1970 1131 2235 1201 tempore
2269 1130 2434 1186 velut
2481 1129 2557 1184 ad
2602 1128 2766 1185 urbis
2815 1127 2987 1184 auxi-

645 1223 786 1279 lium
821 1222 1081 1294 profecto
1119 1221 1225 1277 deo
1262 1219 1417 1277 fores
1454 1219 1886 1275 reserarentur.
1926 1236 1956 1270 »

723 1489 1056 1553 Fabellam
1098 1490 1296 1552 istam
1338 1491 1549 1550 Varro
1590 1504 1722 1549 non
1764 1488 2071 1566 explicita
2113 1488 2223 1549 sed
2287 1486 2745 1551 subintellecta
2806 1502 2983 1548 men-

646 1590 823 1653 tione
869 1589 1138 1664 attingit
1178 1589 1248 1648 in
1290 1590 1360 1648 L.
1403 1590 1474 1649 L.
1503 1589 1577 1648 V.
1625 1586 1757 1665 156,
1787 1587 1901 1649 ubi
1927 1587 2211 1650 testatur
2244 1588 2323 1648 ad
2362 1589 2597 1648 Ianum
2637 1586 2981 1646 Geminum

646 1710 679 1744 «
725 1703 927 1765 aquas
968 1687 1195 1750 caldas
1240 1708 1275 1743 »
1317 1685 1538 1748 fuisse.
1581 1687 1703 1746 Cui
1744 1686 1914 1748 satis
1961 1687 2304 1764 perspicua
2366 1687 2466 1748 est
2526 1684 2761 1761 agendi
2805 1685 2980 1745 ratio

641 1801 835 1863 quam
874 1786 1111 1848 Noster
1152 1785 1376 1846 servat
1414 1785 1486 1844 in
1527 1783 1712 1845 libris
1732 1785 1809 1865 de
1852 1785 2109 1861 Lingua
2151 1785 2411 1859 Latina,
2436 1784 2645 1862 quoad
2687 1800 2769 1845 ea
2812 1799 2981 1860 quae

644 1884 900 1961 reponit
925 1900 1003 1944 ex
1026 1881 1563 1959 AntiquitatibuS,
1606 1881 1929 1946 sufficeret
1970 1883 2222 1960 quidem
2250 1883 2478 1960 operta
2504 1883 2671 1944 haec
2712 1882 2979 1958 menti0,

642 1982 718 2044 ut
757 1981 1018 2059 plenam
1057 1979 1511 2041 narrationem
1559 1980 1685 2056 ipsi
1744 1980 2125 2042 vindicaret.
2183 1982 2268 2043 At
2328 1980 2513 2042 nobis
2572 1980 2706 2042 alia
2745 1978 2983 2040 indicia

641 2080 1007 2156 suppetunt.
1049 2077 1450 2153 Augustinus
1489 2078 1681 2150 enim,
1723 2077 1833 2154 qui
1876 2077 1987 2138 ubi
2030 2077 2252 2139 aliena
2279 2077 2663 2140 testimonia
2689 2093 2822 2138 non
2868 2076 2981 2138 ad·-

641 2176 823 2238 ducit
862 2193 897 2237 e
938 2176 1175 2238 Nostro
1214 2175 1454 2252 haurit,
1498 2176 1576 2236 de
1616 2176 1740 2237 hoc
1786 2176 2075 2253 prodigio
2130 2179 2200 2239 in
2261 2177 2395 2237 Civ.
2460 2173 2596 2256 Dei]
2636 2176 2744 2235 111.
2789 2173 2865 2232 13
2914 2189 2981 2234 se

643 2274 909 2351 praebet
964 2274 1278 2336 edoctum.
1334 2275 1554 2351 Neque
1615 2274 1833 2337 obstat
1894 2291 2043 2335 eum
2102 2274 2437 2351 scripsisse
2492 2295 2529 2330 ‹<
2579 2273 2783 2351 portis
2838 2271 2980 2333 dolo

645 2374 886 2451 apertis
928 2393 984 2449 2»,
1027 2390 1150 2449 quo
1191 2371 1457 2449 vulgato
1499 2372 1819 2434 miraculo
1839 2373 2192 2434 ianuarum
2221 2373 2448 2450 sponte
2493 2372 2980 2450 patefactarum

640 2470 708 2534 s'e
750 2472 1016 2532 minime
1044 2471 1377 2533 credulum
1421 2472 1812 2547 ostenderet3
1863 2473 2249 2534 namomnia
2276 2490 2463 2551 quae
2523 2474 2615 2534 ibi
2657 2475 2980 2535 memorat

642 2570 712 2630 in
754 2572 1197 2631 Romanorum
1239 2569 1701 2632 contumeliam
1743 2571 2079 2644 memorat,
2122 2571 2199 2633 ut
2219 2570 2551 2648 colligitur
2580 2588 2662 2633 ex
2694 2571 2979 2632 eiusdem

639 2666 912 2746 capituli
954 2666 1146 2729 titulo
1177 2686 1212 2728 ‹<
1242 2669 1375 2736 Quo
1406 2668 1548 2728 iure
1576 2684 1701 2745 quo
1730 2668 1983 2730 foedere
2011 2670 2292 2730 Romani
2321 2669 2726 2732 obtinuerint
2765 2669 2979 2747 prima

640 2766 947 2842 coniugia
989 2787 1045 2825 ».
1094 2766 1333 2827 Eadem
1383 2765 1581 2828 habet
1631 2767 1896 2827 Servius
1962 2767 2042 2830 ad
2091 2769 2247 2828 Aen.
2302 2769 2344 2828 Ι.
2398 2765 2537 2844 291,
2592 2767 2660 2829 et
2713 2768 2978 2828 Ovidius

640 2866 1009 2942 portentum
1050 2864 1227 2926 istud
1266 2864 1642 2927 solemniter
1683 2852 1869 2927 canit
1906 2865 1974 2926 in
2016 2865 2195 2926 Fast.
2238 2867 2284 2925 I.
2333 2864 2446 2923 163
2489 2882 2617 2942 sqq.
2658 2866 2754 2927 Ad
2794 2866 2979 2926 inve-

639 2964 944 3026 niendum
990 2964 1210 3025 autem
1240 2962 1448 3024 locum
1491 2963 1564 3025 in
1603 2979 1727 3041 quo
1754 2964 1968 3026 Varro
2010 2964 2175 3025 haec
2215 2963 2517 3026 narravit
2543 2963 2755 3041 potest
2793 2964 2977 3026 nobis

640 3062 772 3122 dux
813 3061 956 3122 fleri
998 3061 1364 3123 Macrobius
1407 3061 1540 3138 ipse
1581 3062 1709 3138 qui,
1753 3062 1828 3124 ut
1866 3061 2233 3123 declararet
2272 3079 2402 3138 qua
2432 3077 2739 3123 excausa
2780 3063 2976 3124 Ianus

641 3159 909 3220 Clusivii
948 3161 1208 3221 nomine
1250 3160 1542 3237 donetur,
1567 3159 1700 3221 ista
1741 3160 2098 3238 descripsit.
2142 3159 2574 3222 Probabiliter
2602 3177 2754 3238 ergo
2798 3162 2978 3223 coni-

641 3256 846 3317 cimus
897 3257 1120 3319 eadem
1166 3275 1206 3318 a
1247 3259 1541 3319 Varrone
1584 3258 1657 3320 in
1710 3261 1859 3319 XVI
1913 3262 2064 3320 Rer.
2120 3261 2258 3321 Div.
2317 3260 2563 3323 tradita
2605 3261 2822 3333 fuisse,
2866 3259 2977 3320 ubi

639 3354 715 3414 de
755 3357 913 3415 Iano
955 3356 1225 3431 Ianique
1266 3357 1711 3432 cognomentis
1755 3372 1888 3417 una
1929 3373 2077 3418 cum
2120 3358 2244 3418 diis
2288 3359 2545 3420 selectis
2587 3359 2975 3434 deorumque

637 3451 1070 3531 qualitatibus
1112 3437 1433 3529 disseruit,
1478 3454 1576 3516 uti
1619 3471 1811 3532 sopra
1853 3456 2233 3517 monuimus.
2282 3457 2404 3518 Sed
2444 3458 2564 3518 hoc
2604 3458 2824 3519 statuo
2847 3472 2978 3518 non

642 3552 785 3612 sine
827 3553 1068 3613 erroris
1110 3552 1471 3627 formidine;
1513 3569 1671 3614 nam
1712 3553 1852 3615 veri
1895 3554 2104 3615 simile
2147 3555 2366 3633 putem
2410 3554 2718 3618 fabellam
2761 3556 2831 3616 in
2881 3571 2977 3616 se-

639 3651 852 3713 cunda
905 3652 1155 3712 hexade
1196 3651 1508 3714 librorum
1549 3655 1702 3713 Rer.
1742 3655 1933 3714 Hum.
1995 3655 2318 3716 contineri
2378 3655 2675 3732 potuisse,
2736 3654 2846 3715 ubi
2898 3654 2975 3715 de

639 3750 797 3811 locis
855 3749 1214 3824 dicebatur,
1273 3750 1538 3827 ideoque
1599 3751 1676 3811 de
1737 3754 1946 3812 Roma
2000 3752 2200 3830 deque
2255 3752 2434 3813 urbis
2488 3753 2800 3814 aedificiis
2848 3753 2973 3814 viis

639 3849 840 3925 portis
882 3847 1252 3923 regionibus
1297 3849 1616 3925 agendum
1673 3849 1841 3912 erat:
1894 3850 2004 3911 hic
2068 3851 2289 3913 autem
2345 3851 2422 3911 de
2475 3853 2661 3929 porta
2714 3851 2975 3913 Ianuali

638 3962 845 4007 sermo
887 3945 977 4022 fit,
1001 3961 1167 4022 quae
1199 3963 1240 4006 a
1267 3947 1425 4007 Iano
1453 3947 1730 4024 sumpsit
1750 3964 2004 4009 nomen.
2036 3948 2163 4009 Cfr.
2190 3950 2381 4009 Varr.
2416 3949 2493 4009 de
2521 3951 2591 4009 L.
2622 3951 2689 4009 L.
2734 3952 2806 4010 V.
2840 3947 2972 4008 165.

702 4220 729 4269 1
752 4223 1121 4273 ommni-saum
1150 4220 1212 4272 B'
1232 4223 1252 4287 Ι]
1273 4222 1304 4271 2
1336 4224 1511 4273 voluis
1542 4224 1602 4272 B·
1623 4225 1643 4288 ΙΙ
1664 4223 1696 4272 3
1727 4233 1904 4274 euntu
1935 4224 2010 4273 B‘:
2048 4223 2295 4273 hostibus
2316 4224 2378 4273 B'
2397 4225 2417 4288 ss
2439 4225 2469 4273 4
2493 4226 2787 4276 irruebant
2809 4225 2971 4290 Lugd.

641 4316 690 4352 et
710 4309 831 4353 vett.
861 4303 977 4354 edd.
1002 4305 1023 4368 ss
1044 4305 1076 4356 6
1104 4303 1371 4368 nequibat
1391 4304 1465 4354 P':
1491 4319 1560 4353 ex
1593 4305 1775 4353 altera
1795 4304 1963 4368 Lugd.
1987 4310 2042 4353 et
2066 4310 2187 4354 vett.
2221 4305 2334 4354 edd.
2358 4304 2432 4370 {17
2455 4307 2597 4355 tacio
2619 4306 2664 4356 P
2686 4307 2706 4370 ΙΙ
2727 4306 2759 4356 9
2780 4305 2977 4370 irrup-

641 4386 766 4434 turi
795 4384 962 4450 Lugd.
993 4386 1148 4435 Ianus
1182 4391 1302 4435 vett.
1335 4386 1484 4435 edd.:
1520 4395 1656 4435 esset
1676 4385 1748 4435 B':
1773 4385 1967 4437 excede
1988 4385 2079 4434 BP
2101 4385 2121 4450 ΙΙ
2146 4385 2202 4433 11
2225 4395 2426 4436 exuta-s·
2460 4387 2520 4436 B:
2544 4388 2787 4449 ferventi
2819 4403 2975 4452 aqua

645 4464 794 4514 ianus
827 4472 879 4514 et
909 4471 1026 4515 cett.
1057 4466 1193 4515 edd.:
1229 4467 1508 4530 vortiqine
1539 4463 1701 4529 aliqq.
1738 4465 1853 4516 edd.
1890 4465 1911 4530 ss
1936 4465 1995 4514 12
2026 4467 2329 4530 deperiisse
2361 4467 2525 4532 Lugd.
2553 4475 2604 4518 et
2624 4474 2744 4518 vett.
2776 4469 2895 4519 edd.
