3334 5192
1356 768 1633 847 XXIII.

1239 951 1315 1019 (1.
1351 951 1452 1008 13.
1488 951 1564 1007 20
1599 951 1739 1022 seq.)

394 1176 430 1218 «
464 1159 698 1224 Quando
735 1160 933 1216 autem
968 1160 1225 1230 primum
1261 1156 1674 1214 intercalatum
1726 1155 1804 1211 sit
1846 1156 2012 1211 varie
2063 1155 2334 1212 refertur.
2375 1155 2437 1211 et
2471 1158 2666 1212 Macer
2722 1160 2800 1216 20

319 1246 551 1320 quidem
597 1250 843 1306 Licinius
866 1249 994 1306 eius
1027 1250 1114 1305 rei
1137 1246 1419 1319 originem
1447 1242 1695 1303 Romulo
1713 1244 2001 1314 adsignat.
2021 1244 2222 1301 Antias
2245 1243 2395 1301 libro
2421 1246 2665 1303 secundo

323 1343 569 1396 Numam
589 1339 937 1411 Pompilium
959 1353 1259 1395 sacrorum
1279 1351 1455 1394 causa
1478 1337 1537 1393 id
1556 1336 1845 1393 invenisse
1862 1335 2171 1392 contendit.
2193 1335 2383 1392 Iunius
2401 1338 2666 1394 Servium

220 1474 237 1494 .
323 1429 578 1487 Tullium
602 1443 801 1500 regem
823 1428 1082 1499 primum
1115 1426 1493 1484 intercalasse
1516 1426 1960 1495 commemorat,
1984 1441 2022 1480 a
2044 1440 2157 1494 quo
2182 1426 2243 1482 et
2266 1426 2548 1483 nundinas
2582 1427 2670 1483 in-

242 1540 269 1582 5
324 1520 566 1577 stitutas
599 1520 851 1576 Varroni
886 1519 1095 1590 placet.
1133 1518 1452 1575 Tuditanus
1475 1516 1661 1572 refert
1697 1515 1845 1571 libro
1887 1516 2066 1571 tertio
2093 1516 2548 1585 Magistratuum
2575 1517 2665 1573 de·
2722 1514 2793 1569 21

322 1610 634 1680 cemviros‚
657 1609 754 1679 qui
778 1608 977 1665 decem
1010 1607 1231 1665 tabuiis
1266 1606 1413 1663 duas
1447 1606 1815 1676 addiderunt,
1855 1605 1925 1661 de
1961 1606 2353 1662 intercalando
2389 1607 2667 1678 populum

324 1712 582 1769 rogasse.
600 1698 835 1755 Cassius
853 1697 1087 1755 eosdem
1105 1696 1310 1753 scribit
1334 1697 1620 1753 auctores.
1639 1695 1879 1752 Fulvius
1903 1695 2103 1751 autem
2129 1695 2188 1752 id
2230 1697 2419 1766 egisse
2437 1699 2516 1753 M.
2539 1699 2669 1754 Aci-

326 1789 470 1843 lium
503 1787 795 1844 consulem
832 1786 975 1843 dicit
1010 1785 1084 1842 ab
1119 1785 1264 1842 urbe
1316 1785 1549 1842 condita
1601 1800 1751 1842 anno
1800 1785 2259 1856 quingentesimo
2299 1789 2663 1857 sexagesimo

330 1877 595 1947 secunde,
634 1877 777 1932 inito
815 1891 952 1932 mox
988 1875 1139 1931 bello
1178 1876 1450 1932 Aetolico,
1479 1874 1580 1931 sed
1605 1875 1719 1931 hoc
1755 1874 1955 1945 arguit
1993 1878 2184 1931 Varro
2224 1876 2525 1934 scribendo
2563 1892 2669 1934 an-

221 1984 271 2026 10
329 1966 719 2035 tiquissima'm
757 1965 944 2035 legem
997 1963 1177 2020 fuisse
1228 1964 1469 2020 incisam
1508 1964 1568 2019 in
1616 1962 1885 2019 columna
1938 1978 2112 2020 aerea
2146 1980 2181 2020 a
2226 1967 2285 2021 L.
2336 1966 2571 2022 Pinario
2607 1966 2669 2022 et

329 2055 501 2120 Furio
537 2054 887 2123 consulibus,
921 2054 1015 2111 cui
1051 2055 1269 2111 mensis
1304 2054 1675 2112 intercalaris
1717 2053 2089 2112 adscribitur.
2124 2070 2161 2112 >›

409 2390 658 2466 Bipont.
699 2388 1017 2449 Varronis
1061 2388 1156 2448 ed.
1200 2405 1258 2464 p.
1301 2386 1417 2444 371
1463 2388 1533 2447 in
1576 2387 1741 2451 duas
1783 2388 2010 2450 breves
2052 2390 2413 2452 sententias
2454 2390 2667 2452 locum

329 2492 505 2563 hunc
545 2490 864 2567 dispertit,
907 2506 1185 2567 quarum
1232 2489 1443 2552 altera
1480 2490 1812 2551 nundinas
1856 2508 1896 2552 a
1951 2491 2177 2553 Servio
2220 2490 2433 2553 Tullio
2476 2492 2669 2554 insti-

330 2591 511 2654 tutas
552 2590 890 2665 memorat,
939 2589 1150 2651 altera
1190 2605 1345 2649 vero
1387 2589 1464 2650 de
1509 2587 1818 2650 columna
1878 2606 2074 2652 aerea
2116 2591 2217 2652 est
2257 2589 2327 2649 in
2368 2606 2500 2666 qua
2543 2589 2669 2652 fuit

329 2690 437 2751 lex
478 2689 705 2751 incisa.
757 2689 877 2756 Qui
923 2689 1139 2749 autem
1181 2687 1531 2762 diligenter
1579 2687 2071 2757 Macrobianam
2130 2689 2441 2764 paginam
2503 2688 2669 2748 rele-

328 2787 500 2862 gerit
560 2786 756 2847 facile
817 2784 1132 2863 percipiet
1183 2783 1273 2844 ibi
1330 2786 1591 2847 tantum
1654 2786 1762 2862 agi
1823 2787 1899 2847 de
1963 2784 2185 2846 diebus
2255 2785 2670 2848 intercalari-

328 2886 468 2957 buS,
496 2901 768 2961 quorum
801 2885 982 2960 origo
1011 2883 1078 2946 et
1117 2883 1395 2981 historip
1422 2883 1864 2945 declarantur.
1912 2883 2271 2960 Scriptores
2319 2899 2474 2945 vero
2519 2900 2671 2960 quo-

326 2999 474 3045 rum
516 2983 774 3044 diversa
832 2981 1124 3059 opininio
1185 2981 1542 3043 enarratur
1602 2981 1653 3041 ii
1715 2981 2003 3042 maxime
2066 2982 2237 3056 sunt,
2296 2982 2406 3059 qui
2446 2982 2670 3058 utpote

326 3085 620 3143 Varrone
663 3080 1068 3157 antiquiores
1109 3079 1214 3141 vel
1275 3080 1416 3139 eius
1480 3079 1786 3156 aequales
1847 3079 2153 3155 poterant
2192 3080 2422 3157 quippe
2468 3079 2547 3140 ab
2591 3095 2666 3141 eo

329 3181 399 3240 in
440 3179 883 3241 testimonium
929 3178 1177 3250 adduci,
1221 3179 1289 3240 et
1326 3177 1544 3256 reipsa
1589 3193 1723 3239 non
1785 3178 1984 3239 semel
2050 3177 2307 3241 adducti
2351 3177 2523 3249 sunt,
2568 3178 2667 3243 uti

328 3278 535 3355 liquet
573 3295 656 3339 ex
685 3279 826 3339 eius
852 3275 1039 3337 libris
1094 3276 1203 3354 qui
1233 3277 1602 3353 supersunt.
1634 3279 1724 3337 De
1751 3276 1982 3338 Fulvio
2011 3279 2077 3340 et
2106 3278 2291 3339 Iunio
2332 3294 2533 3356 supra
2575 3277 2669 3339 vi-

327 3377 562 3437 dimus,
608 3376 898 3436 Licinius
927 3377 1150 3435 Macer
1188 3375 1490 3437 tribunus
1520 3373 1721 3452 plebis
1762 3374 1892 3437 fuit
1936 3392 1992 3437 a.
2035 3392 2098 3435 u.
2144 3373 2258 3434 681
2307 3376 2558 3437 amicus
2599 3375 2669 3438 et

332 3475 624 3554 aequalis
666 3475 981 3535 Sisennae
1022 3474 1091 3535 et
1135 3489 1176 3535 a
1216 3473 1523 3534 Cicerone
1565 3474 2070 3550 repetundarum
2115 3475 2481 3536 accusatus.
2536 3475 2670 3534 Va·

329 3574 530 3634 lerius
569 3573 806 3635 Antias
847 3572 1117 3634 vivebat
1155 3572 1338 3632 circa
1385 3587 1628 3631 annum
1673 3570 1814 3632 633.
1844 3573 2257 3649 Sempronius
2300 3572 2670 3635 Tuditanus

327 3670 555 3733 consul
597 3670 723 3732 suit
764 3686 872 3730 an.
917 3667 1053 3728 625.
1098 3668 1227 3730 Gsr.
1274 3669 1449 3731 Biihr
1492 3691 1527 3725 «
1569 3670 1953 3732 Geschichte
1994 3671 2051 3730 d.
2095 3669 2466 3731 romischen
2495 3670 2670 3732 Lite-

327 3770 522 3831 ratur
563 3790 597 3824 »
640 3770 700 3831 11
741 3785 800 3845 p.
848 3766 949 3830 20.
1003 3767 1289 3844 Denique
1345 3768 1607 3829 Cassius
1661 3769 1946 3829 Hemina
2006 3768 2345 3829 annalium
2390 3769 2669 3844 scriptor

327 3868 472 3930 vita
513 3866 906 3942 fungebatur
951 3883 1053 3928 an.
1097 3864 1216 3925 608
1256 3866 1449 3928 iuxta
1491 3868 1701 3943 ipsum
1745 3867 1921 3927 Babr
1950 3866 2066 3927 loc.
2101 3866 2210 3929 cit.
2257 3867 2325 3927 Si
2367 3882 2520 3941 ergo
2560 3864 2670 3925 hic

329 3966 659 4028 cernimus
714 3967 1076 4027 Varronem
1141 3964 1238 4024 bis
1304 3981 1344 4024 a
1405 3965 1732 4026 Macrobio
1790 3965 2222 4037 nominatum,
2265 3964 2475 4040 primo
2516 3979 2667 4024 cum

329 4065 531 4141 negat
558 4064 852 4126 Servium
877 4063 1166 4123 Tullium
1195 4078 1411 4139 regem
1439 4062 1632 4125 fuisse
1656 4061 2184 4125 intercalationis
2216 4063 2566 4133 auctorem,
2592 4061 2669 4122 ut

329 4164 726 4225 enitantum
765 4161 1101 4223 institutio
1126 4162 1567 4222 nundinarum
1609 4158 1937 4237 debeatur,
1982 4161 2258 4221 secundo
2280 4176 2424 4221 cum
2447 4159 2668 4220 Fulvii

330 4262 695 4339 opinionem
721 4259 940 4334 arguit
962 4275 1077 4336 pro
1108 4258 1295 4336 salsa,
1325 4259 1535 4320 totam
1565 4258 1738 4319 hanc
1763 4258 2111 4319 historiam
2144 4274 2185 4318 a
2212 4257 2451 4319 Nostro
2478 4271 2671 4333 expo-

330 4360 530 4421 sitam
574 4358 771 4419 suisse
811 4357 975 4419 certi
1018 4374 1243 4419 sumus
1285 4356 1468 4435 eique
1512 4356 1656 4419 ideo
1723 4356 2228 4419 adscribendam.
2273 4356 2495 4418 Inerat
2534 4353 2670 4417 for-

331 4458 508 4519 tasse
538 4458 610 4518 in
637 4454 802 4518 libro
828 4453 938 4515 ubi
965 4456 1042 4516 de
1073 4457 1264 4517 annis
1294 4456 1516 4518 actum
1544 4456 1661 4534 est,
1694 4455 1995 4517 videlicet
2015 4456 2086 4516 in
2113 4456 2261 4517 XVI
2284 4457 2431 4516 Rer.
2454 4456 2668 4528 Hum.,
