3334 5192
74 2054 81 2073 -
74 1080 93 1951 ἡ--μ-*ῃ--ᾑ-μ-*Α-ῄῄ-
82 1038 87 1047 ·

2586 388 2676 448 49

415 508 490 571 In
532 512 603 572 L.
645 513 716 573 L.
758 512 834 572 V.
876 509 957 570 65
997 526 1163 588 seqq.
1203 510 1368 571 haec
1425 509 1501 572 de
1544 509 1689 568 Iove
1750 507 2113 569 traduntur
2160 528 2195 564 ‹<
2238 507 2410 568 Idem
2450 506 2521 568 hi
2562 506 2668 568 dei

329 608 599 672 Caelum
642 609 710 671 et
731 611 956 680 Terra,
985 608 1271 685 Iuppiter
1312 608 1378 670 et
1399 609 1633 669 Iuno...
1663 607 1891 668 Divom
1912 606 1977 668 id
2006 605 2105 668 est
2132 606 2478 669 caelum...
2495 607 2677 668 Iovis

258 762 263 767 .
333 710 495 769 Iuno
537 707 776 768 coniux
817 706 885 770 et
925 700 983 768 is
1027 707 1298 768 caelum:
1338 707 1503 766 haec
1542 706 1728 766 terra
1769 720 1935 782 quae
1963 705 2187 766 eadem
2226 704 2423 766 tellus
2464 725 2500 761 »
2543 704 2668 765 etc.

336 802 610 867 Constat
636 806 984 883 praeterea
1014 821 1099 867 ex
1128 804 1479 881 Augustini
1499 803 1877 867 testimonio
1897 802 2193 880 superius
2218 803 2419 865 allato
2447 818 2672 864 omnes

332 906 482 968 deos
528 905 610 966 ad
649 905 871 981 partes
913 905 1134 973 mundi
1172 904 1368 965 fuisse
1413 920 1454 965 a
1507 903 1743 966 Nostro
1795 901 2150 973 revocatOS‚
2202 901 2397 963 iuxta
2437 900 2674 979 Physi-

335 1019 555 1065 corum
598 1003 1228 1080 interpretationem.
1269 1005 1476 1070 Quam
1517 1004 1713 1062 Laur.
1744 1002 1960 1077 Lydus
1989 1002 2098 1060 IX.
2126 997 2206 1058 38
2248 999 2535 1061 breviter
2574 999 2672 1059 sic

337 1103 603 1180 exponit
643 1123 679 1159 «
708 1102 1032 1178 πολλαχοῦ
1068 1101 1186 1176 γάρ
1227 1097 1549 1180 εὗρἰσκομεν
1591 1093 1658 1165 ὡς
1700 1099 1730 1153 ὀ
1770 1095 1992 1179 σύμπας
2040 1095 2248 1178 κόσμος
2291 1096 2418 1163 Ζεὺς
2460 1093 2671 1176 ὀνομά-

312 1199 509 1277 ζεται
552 1223 588 1258 ›>
631 1234 712 1245 —
749 1203 838 1263 De
879 1204 1026 1265 Iove
1067 1201 1239 1263 dixit
1278 1202 1489 1263 Varro
1518 1200 1589 1264 in
1613 1200 1763 1262 XVI
1796 1202 1945 1261 Rer.
1975 1199 2115 1262 Div.
2147 1199 2224 1260 de
2252 1198 2354 1267 dis
2390 1198 2675 1260 selectis,

1340 1527 1667 1606 XXXV.

1347 1684 1427 1756 (ι.
1462 1685 1560 1741 20.
1597 1683 1657 1755 c)

404 1876 440 1916 «
476 1863 590 1917 Nec
628 1861 903 1918 aestimes
931 1861 1228 1918 -Alcmena
1279 1862 1435 1933 apud
1489 1861 1719 1918 Thebas
1767 1862 2041 1920 Boeotias
2088 1860 2291 1918 natum
2348 1860 2537 1920 solum
2574 1861 2671 1917 vel

329 1949 590 2020 primum
626 1951 935 2007 Herculem
978 1952 1381 2021 nuncupatum:
1432 1951 1614 2007 immo
1661 1953 1800 2022 post
1846 1950 2066 2008 multos
2114 1951 2288 2020 atque
2336 1950 2670 2023 postremus

332 2039 432 2095 ille
466 2038 576 2095 hac
610 2040 997 2111 appellatione
1033 2040 1303 2111 dignatus
1339 2041 1433 2098 est
1471 2040 1903 2110 honoratusque
1948 2040 2057 2098 hoc
2090 2042 2320 2099 nomine
2354 2041 2452 2111 qui
2489 2041 2673 2098 nimia

333 2127 671 2185 fortitudine
706 2129 922 2187 meruit
956 2145 1162 2186 nomen
1199 2130 1292 2187 dei
1326 2130 1614 2187 virtutem
1651 2131 1926 2201 regentis.
1964 2145 1999 2187 >›

411 2396 592 2455 Haec
632 2394 709 2455 de
750 2393 1047 2455 Herculis
1087 2394 1349 2455 nomine
1392 2394 1582 2472 atque
1623 2390 2103 2472 significatione
2149 2409 2189 2455 a
2228 2395 2526 2456 Varrone
2566 2392 2674 2452 in-

334 2493 573 2556 stituta
613 2510 752 2555 esse
792 2486 979 2555 docet
1018 2510 1138 2556 nos
1179 2495 1444 2557 Servius
1484 2497 1638 2557 Aen.
1681 2498 1849 2557 VIII.
1890 2493 2011 2554 564
2025 2488 2143 2556 his
2169 2494 2390 2557 verbis
2421 2517 2455 2551 «
2488 2497 2672 2556 Tunc

334 2594 527 2670 enim,
570 2593 740 2656 sicut
778 2595 990 2654 Varro
1031 2593 1208 2662 dici-t.
1252 2609 1473 2656 omnes
1515 2595 1628 2672 qui
1669 2593 1972 2656 fecerant
2026 2594 2291 2656 fortiter
2351 2594 2673 2655 Hercules

330 2690 755 2763 vocabantur,
801 2691 958 2753 licet
998 2707 1105 2752 eos
1146 2692 1355 2769 primo
1381 2693 1586 2754 XLIII
1615 2693 2107 2754 enumeraverit
2135 2714 2191 2753 ».
2228 2691 2467 2754 Multos
2508 2694 2670 2752 Her-

330 2787 504 2849 cules
543 2804 790 2866 quoque
832 2791 1199 2851 memorant
1240 2791 1371 2852 Cic.
1414 2793 1496 2854 N.
1535 2792 1605 2851 D.
1648 2792 1753 2853 III.
1802 2789 1892 2850 16.
1943 2788 2023 2848 42
2083 2792 2150 2854 et
2215 2794 2414 2852 Laur.
2457 2791 2671 2868 Lydus

192 2874 215 2891 '
331 2889 468 2952 1V.·
498 2888 594 2948 48.
657 2888 827 2949 Hinc
880 2889 1069 2964 patet
1121 2889 1421 2950 Herculis
1461 2906 1694 2951 nomen
1740 2891 1908 2967 apud
1962 2890 2259 2967 antiquos
2310 2887 2668 2967 symbolum

333 2985 529 3048 fuisse
559 2988 829 3050 virtutis
861 2988 1055 3066 atque
1081 2987 1505 3051 fortitudinis.
1540 2989 1911 3050 Nonnullae
1939 2989 2258 3050 Varronis
2286 2988 2668 3049 saturarum

335 3085 425 3147 ab
458 3086 730 3147 Hercule
770 3101 1008 3148 nomen
1047 3087 1114 3150 et
1153 3103 1292 3148 rem
1339 3087 1682 3165 accipiunt,
1712 3089 1822 3150 sed
1859 3087 2254 3165 probabilius
2281 3087 2359 3148 de
2387 3084 2672 3147 Hercule

329 3183 449 3246 deo
490 3185 562 3246 in
602 3185 743 3246 XIV
770 3189 918 3247 Rer.
948 3186 1090 3247 Div.
1119 3186 1330 3248 omnis
1355 3186 1651 3265 quaestio
1677 3185 2013 3264 agebatur,
2044 3187 2156 3248 ubi
2185 3186 2264 3247 de
2307 3186 2405 3247 dis
2446 3185 2668 3247 certis,

395 3364 423 3414 1
456 3366 748 3415 existimes
791 3366 1103 3416 Alcumena
1137 3364 1304 3430 Lugd.
1355 3372 1407 3415 et
1453 3372 1591 3415 vett.:
1641 3365 1843 3416 boaeias
1889 3365 1979 3414 BP
2002 3364 2075 3439 ΗΖ
2116 3366 2228 3415 imo
2265 3363 2417 3429 Lugd
2454 3370 2507 3414 et
2542 3369 2674 3413 vett.

335 3445 444 3496 edd.
468 3445 542 3510 114
575 3447 693 3496 diei
722 3446 784 3496 B.

1313 3735 1685 3815 XXXVI.

1266 3899 1274 3908 ·
1319 3893 1396 3965 (ι.
1433 3894 1533 3951 20.
1570 3893 1668 3966 18)

398 4069 436 4112 ‹
472 4054 580 4112 Isis
614 4055 810 4112 iuncta
847 4055 998 4128 (cum
1040 4055 1270 4128 Sarapi)
1319 4036 1601 4128 religione
1645 4057 1998 4129 celebratur,
2044 4071 2191 4128 quae
2243 4056 2335 4114 est
2369 4055 2465 4113 vel
2498 4056 2666 4112 terra

326 4143 424 4201 vel
458 4145 672 4202 natura
706 4158 908 4200 rerum
944 4144 1242 4203 subiacens
1278 4148 1404 4204 soli.
1440 4162 1477 4202 »
2248 4172 2252 4176 ·

401 4362 509 4424 Ita
548 4360 625 4422 de
666 4360 833 4422 Iside
876 4362 1255 4426 universam
1300 4364 1764 4442 antiquitatem
1816 4364 2138 4441 cogitasse
2201 4361 2402 4426 testes
2446 4359 2670 4422 habe-

320 4475 485 4522 mus.
515 4460 943 4522 Plutarchum
983 4461 1067 4522 de.
1105 4465 1184 4524 Is.
1246 4463 1314 4527 et
1371 4463 1468 4525 Os.
1530 4478 1585 4525 c.
1627 4461 1727 4542 32,
1789 4465 2005 4524 Laur..
2033 4461 2287 4540 Lydum
2329 4455 2557 4523 1V.,32
2595 4460 2670 4520 ‘et-

2447 4600 2484 4656 4

2721 4057 2800 4113 18
