3334 5192
2624 356 2705 415 27

367 474 681 539 tationem
723 473 1076 536 ostendunt
1112 471 1375 534 Ovidius
1416 471 1592 534 Fast.
1635 474 1680 532 Ι.
1744 469 1859 529 117
1912 486 2020 546 sq„
2064 469 2330 531 Servius
2368 472 2522 532 Aen.
2566 474 2704 535 VII.

366 571 503 647 610,
547 573 763 650 Lydus
802 572 880 632 de
921 585 1120 632 mens.
1179 570 1282 630 IV.
1325 567 1383 643 2,
1425 569 1750 631 Arnobius
1797 570 1900 630 III.
1943 565 2040 642 29,
2087 566 2329 646 aliique
2392 570 2697 630 nonnulli

430 783 456 830 1
494 784 639 834 idem
672 783 882 832 caelum
914 782 969 831 in
1001 780 1165 847 aliqq.
1194 780 1341 831 MSS.
1368 747 1421 831 et
1450 781 1569 832 edd.

1480 1118 1575 1193 X.

1383 1271 1458 1341 (1.
1495 1272 1556 1328 a.
1593 1270 1692 1341 16)

435 1468 470 1508 ‹<
506 1452 804 1511 Iunonium
842 1452 1144 1522 (vocamus
1181 1449 1399 1520 lanum)
1450 1450 1612 1520 quasi
1661 1465 1776 1507 non
1812 1450 2002 1507 solum
2055 1432 2272 1507 mensis
2310 1450 2564 1507 Ianuarii
2600 1449 2703 1507 sed
2757 1447 2836 1501 16

364 1539 941 1599 mensiumomnium
988 1538 1286 1609 ingressus
1336 1540 1644 1609 tenentem3
1700 1539 1759 1594 in
1805 1539 2025 1597 dicione
2066 1541 2267 1597 autem
2306 1540 2536 1597 Iunonis
2572 1540 2706 1596 sunt

364 1642 565 1685 omnes
601 1629 911 1697 Kalendae,
950 1629 1098 1685 unde
1133 1630 1196 1685 et
1230 1631 1422 1685 Varro
1460 1629 1610 1684 libro
1646 1629 1845 1698 quinto
1880 1631 2098 1685 Rerum
2123 1630 2462 1689 Divinarum
2501 1629 2705 1686 scribit

363 1721 495 1775 Iano
533 1719 838 1775 duodecim
875 1732 1011 1774 aras
1048 1732 1157 1789 pro
1196 1718 1438 1775 totidem
1478 1718 1774 1775 mensibus
1814 1717 2128 1776 dedicatas.
2168 1737 2199 1772 ›

445 1941 664 2005 Etiam
704 1944 816 2005 hic
854 1944 991 2022 Bip.
1033 1945 1233 2009 editio
1275 1963 1338 2023 p.
1379 1944 1499 2006 206
1560 1946 1767 2008 verba
1825 1945 2144 2008 Varronis
2201 1945 2461 2008 tantum
2503 1944 2709 2008 refert

365 2041 824 2117 praecedentia
862 2042 1191 2120 omittenS,
1231 2045 1331 2106 uti
1384 2060 1550 2121 quae
1605 2044 1821 2121 potius
1881 2047 2193 2106 Iunonem
2233 2060 2432 2122 quam
2474 2048 2706 2106 Ianum

364 2138 739 2215 respiciunt.
782 2141 903 2201 Sed
941 2140 1222 2218 intelligi
1262 2144 1489 2219 nequit
1514 2159 1634 2203 cur
1660 2145 1820 2204 Iano
1847 2143 2179 2205 duodecim
2211 2158 2370 2206 arae
2397 2160 2513 2221 pro
2552 2142 2706 2205 toti-

363 2235 507 2298 dem
549 2237 875 2299 mensibus
916 2239 1174 2302 dicatae
1204 2240 1353 2315 sint,
1389 2241 1518 2301 nisi
1547 2241 1730 2318 prius
1757 2242 1835 2302 de
1876 2242 2021 2302 Iani
2048 2241 2475 2317 cognomento
2516 2242 2707 2303 Iuno·

362 2335 473 2396 nio
514 2335 716 2412 deque
765 2336 1063 2399 omnibus
1106 2337 1422 2399 Kalendis
1461 2341 1699 2402 Iunoni
1738 2340 2139 2402 consecratis
2198 2339 2444 2401 dictum
2486 2338 2705 2402 fuerit.

363 2436 573 2496 Varro
618 2436 837 2497 autem
878 2452 1026 2498 cum
1073 2436 1318 2513 aliquid
1361 2438 1713 2513 asserebat,
1755 2455 1875 2500 cur
1915 2439 2015 2501 ita
2055 2455 2163 2500 res
2205 2455 2274 2499 se
2313 2438 2592 2500 haberet
2632 2436 2709 2497 il·
2750 2494 2767 2520 ,

364 2531 488 2594 lico
527 2533 595 2595 et
632 2533 1344 2612 simul·investigabat‚
1396 2536 1736 2614 pluresque
1792 2553 2030 2598 causas
2086 2537 2297 2614 magis
2340 2535 2445 2597 vel
2489 2535 2707 2596 minus
2795 2541 2800 2545 ’

361 2631 721 2708 probabiles
753 2631 1087 2701 afferebat.
1129 2634 1431 2697 Ceterum
1460 2637 1598 2712 ipse
1628 2636 1996 2698 Macrobius
2038 2636 2305 2699 Reatini
2326 2637 2531 2697 verba
2557 2651 2706 2696 cum

361 2729 894 2804 praecedentibus
935 2731 1277 2808 coniungit
1303 2734 1369 2793 vi
1399 2734 1773 2810 particulae
1803 2756 1840 2793 ‹<
1867 2735 2037 2796 unde
2067 2751 2121 2796 ».
2153 2733 2509 2796 Praeterea
2532 2733 2708 2794 hunc

363 2826 552 2888 deum
590 2830 936 2891 Iunonium
976 2831 1201 2894 vocari
1247 2831 1327 2894 ob
1387 2833 1696 2895 Iunonem
1749 2834 1973 2910 portas
2027 2833 2346 2895 mensium
2405 2833 2706 2909 aperien-

363 2929 496 2991 tem
524 2930 753 2992 scribit
792 2947 1037 3009 quoque
1081 2932 1347 2994 Servius
1378 2932 1459 2993 ad
1498 2934 1653 2994 Aen.
1683 2935 1817 2996 VII.
1845 2932 1966 2993 610
2007 2933 2077 2995 et
2119 2932 2298 2994 alibi.
2342 2936 2539 2994 Laur.
2582 2934 2703 3009 Ly-

364 3027 484 3089 dus
523 3030 629 3091 IV.
669 3028 709 3087 2
749 3030 993 3092 similia
1033 3032 1240 3108 notat,
1286 3031 1544 3110 aliaque
1584 3033 1871 3096 Varroni
1912 3032 2149 3095 tribuit
2186 3033 2370 3094 circa
2391 3032 2559 3093 idem
2593 3046 2704 3093 ar-

362 3128 760 3202 gumentum.

423 3314 456 3365 2
486 3316 749 3366 omnium
777 3315 1062 3364 mensiwm
1094 3313 1156 3363 P:
1207 3329 1427 3380 yressus
1476 3323 1747 3380 reqentem
1785 3314 1848 3364 P.
1905 3317 1971 3366 in
2015 3316 2234 3367 dicione
2265 3316 2327 3366 P:
2379 3318 2446 3368 in
2486 3318 2703 3368 ditione

362 3396 422 3446 B.
467 3397 625 3446 Ianus
657 3401 710 3445 et
728 3395 830 3445 aL:
867 3404 1055 3446 autem
1086 3409 1184 3444 om.
1219 3395 1357 3460 13113
1395 3396 1665 3447 Galendae
1697 3396 1850 3461 Lugd
1881 3402 1936 3446 et
1963 3402 2085 3446 vett.
2123 3397 2273 3447 edd.:
2311 3397 2704 3448 humanarum

364 3476 531 3541 Lugd.
562 3481 615 3525 et
644 3481 768 3525 vett.
799 3474 916 3525 edd.

1471 3820 1603 3898 XI.

1310 3975 1386 4045 (Ι.
1423 3976 1483 4029 9.
1523 3977 1591 4031 17
1633 3973 1749 4044 sq.)

434 4169 470 4211 «
503 4156 649 4210 Cum
686 4153 835 4210 bello
872 4153 1080 4210 Sabino
1114 4153 1268 4224 quod
1302 4153 1598 4224 virginum
1632 4155 1941 4226 raptarum
1979 4155 2174 4226 gratia
2209 4154 2585 4210 commissum
2610 4154 2704 4209 est

363 4244 609 4301 Romani
641 4243 878 4314 portam
912 4257 1059 4313 quae
1095 4243 1200 4300 sub
1246 4241 1539 4299 radicibus
1582 4243 1750 4299 collis
1802 4244 2108 4300 viminalis
2130 4244 2281 4314 erat,
2319 4258 2465 4312 quae
2498 4243 2705 4315 postea

359 4350 434 4394 ex
457 4335 669 4391 eventu
690 4332 939 4390 Ianualis
975 4336 1186 4390 vocata
1206 4334 1320 4404 est,
1355 4333 1622 4390 claudere
1644 4335 2006 4405 festinarent,
2030 4336 2167 4405 quia
2191 4335 2251 4390 in
2278 4334 2466 4404 ipsam
2504 4334 2704 4390 hostes

362 4425 629 4498 ruebant,
666 4425 975 4496 postquam
1011 4425 1106 4482 est
1127 4425 1326 4481 clausa
1361 4439 1501 4481 mox
1525 4424 1734 4496 sponte
1755 4423 2048 4496 patefacta
2071 4425 2184 4497 est,
2209 4437 2453 4494 cumque
2488 4424 2702 4480 iterum

2759 4158 2832 4213 17
