3334 5192
640 378 722 439 26

555 504 583 546 5
637 512 748 554 non
784 495 981 564 fuisse,
1019 492 1301 563 siquidem
1339 492 1570 562 tempus
1606 490 1700 546 est
1733 490 1898 545 certa
1937 488 2217 545 dimensio
2254 501 2399 557 quae
2433 502 2506 543 ex
2539 486 2686 542 caeli
2724 499 2967 543 conver-

641 585 801 643 sione
834 582 1149 653 colligitur.

708 676 868 729 Hunc
902 673 1067 729 aiunt
1100 670 1254 727 filios
1290 684 1428 726 suos
1466 670 1704 725 solitum
1740 669 2026 725 devorare
2055 667 2398 737 eosdemque
2431 681 2639 723 rursus
2675 679 2967 736 evomere,
3023 662 3104 716 lo

636 779 741 835 per
773 762 927 833 quod
962 761 1234 818 similiter
1272 759 1634 830 significatur
1668 773 1804 814 eum
1839 758 2071 828 tempus
2105 771 2234 815 esse
2286 772 2324 812 a
2358 770 2469 825 quo
2506 754 2729 812 vicibus
2764 755 2972 810 cuncta

635 851 948 925 gignantur
984 849 1474 918 absumanturque
1510 848 1572 904 et
1606 862 1681 903 ex
1715 862 1784 903 eo
1823 847 2004 903 denuo
2041 847 2436 903 renascantur.
2478 863 2508 897 ›

720 1086 1134 1162 Augustinus,
1176 1085 1253 1144 de
1293 1083 1417 1145 civ.
1462 1082 1579 1143 Dei
1617 1084 1753 1144 VII.
1779 1080 1874 1158 19,
1914 1083 2136 1145 omnia
2174 1098 2342 1159 quae
2382 1083 2595 1144 Varro
2633 1081 2814 1142 circa
2854 1082 2972 1143 Sa-

637 1185 812 1246 turni
835 1181 1378 1260 signiflcationem
1400 1181 1672 1243 docebat
1692 1179 2070 1242 brevissime
2100 1181 2329 1259 tangit,
2356 1182 2424 1244 et
2440 1181 2614 1243 hanc
2635 1180 2972 1259 physicam

641 1281 1250 1359 interpretationem
1297 1278 1375 1340 de
1415 1275 1620 1355 Κρόνου
1669 1280 1897 1342 eadem
1933 1281 2006 1341 vi
2053 1279 2244 1357 atquc
2285 1278 2490 1359 χὸρνου
2535 1280 2615 1340 ab
2656 1296 2732 1341 eo
2793 1279 2972 1341 inter

646 1378 783 1440 alia
821 1378 1109 1441 testatur
1133 1378 1450 1441 didicisse.
1479 1382 1882 1456 Quamquam
1927 1381 2146 1442 autem
2175 1381 2493 1442 Reatinus
2536 1379 2815 1456 scriptor
2848 1394 2970 1440 an-

642 1476 1074 1554 tiquissimum
1096 1477 1273 1539 Latii
1300 1476 1487 1537 deum
1517 1492 1647 1538 non
1676 1477 1935 1540 videtur
1950 1492 2097 1538 oum
2125 1478 2524 1541 Graecorum
2546 1475 2735 1564 Κρόνῳ
2762 1492 2966 1537 unum

639 1575 905 1652 putasse
948 1576 1138 1652 atque
1187 1574 1357 1637 idem
1400 1590 1660 1651 numen,
1710 1575 1985 1637 aliorum
2030 1576 2255 1639 tamen
2283 1576 2650 1653 opinionem
2692 1591 2840 1637 cum
2869 1590 2968 1635 re-

643 1672 816 1733 ferre
866 1672 1162 1750 voluerit,
1225 1671 1552 1748 integram
1593 1672 1955 1735 certissime
1996 1674 2298 1748 tradidit,
2344 1688 2422 1737 ac
2463 1673 2737 1736 Saturni
2777 1687 2975 1732 casus

643 1772 711 1834 et
738 1772 1046 1849 temporis
1076 1771 1251 1835 vices
1277 1771 1456 1834 inter
1480 1788 1618 1834 sese
1647 1772 2064 1849 comparavit,
2095 1774 2171 1836 ut
2198 1789 2335 1834 mos
2364 1774 2511 1836 erat
2539 1772 2997 1850 physicorum..

645 1872 801 1931 Haec
845 1870 1064 1934 autem
1126 1869 1342 1947 opinio
1384 1870 1543 1932 tunc
1584 1874 1830 1932 Romae
1891 1872 2422 1933 communissima
2462 1871 2607 1933 erat
2650 1885 2727 1931 ac
2789 1885 2974 1948 prae-

645 1968 844 2030 claris
885 1968 1198 2044 theologis
1231 1969 1704 2046 acceptissima:
1732 1968 2111 2033 invaluerat
2137 1971 2310 2031 enim
2337 1986 2493 2031 usus
2528 1973 2973 2031 Romanorum

647 2069 714 2130 et
751 2069 1151 2129 Graecorum
1192 2066 1344 2128 deos
1384 2067 1486 2129 ita
1544 2067 1718 2129 inter
1760 2083 1900 2129 sese
1939 2068 2300 2145 copulandi,
2344 2069 2419 2130 ut
2463 2067 2767 2129 adfinitas
2828 2067 2980 2126 uni-

644 2167 850 2229 tatem
890 2165 1167 2243 pareret,
1228 2166 1421 2243 prout
1462 2181 1605 2227 sero
1647 2182 1891 2242 magna
1931 2182 2014 2227 ex
2055 2166 2243 2244 parte
2293 2166 2586 2242 contigit.
2632 2166 2855 2226 Cicero
2896 2165 2973 2226 de

646 2266 783 2328 nat.
826 2265 995 2326 deor.
1038 2265 1116 2324 ΙΙ.
1156 2262 1238 2323 25
1276 2265 1440 2326 haec
1479 2264 1678 2327 habet
1719 2284 1755 2322 «
1784 2262 1983 2343 Κρόνος
2024 2266 2198 2326 enim
2239 2264 2493 2341 dicitur,
2539 2265 2648 2341 qui
2676 2265 2775 2326 est
2802 2263 2975 2324 idem

653 2378 732 2424 ac
769 2357 972 2440 χρόνος
1013 2384 1067 2419 ».
1107 2363 1386 2439 Idipsum
1427 2362 1813 2440 praedicant
1864 2363 2119 2441 Dionys.
2163 2361 2309 2425 Hal.
2353 2365 2425 2423 A.
2470 2366 2545 2425 R.
2588 2366 2633 2424 Ι.
2676 2362 2775 2436 38,
2825 2360 2980 2421 Plu-

591 2514 610 2545 ,
648 2461 857 2524 tarch.
899 2462 1154 2529 Quaest.
1198 2464 1378 2522 Rom.
1422 2459 1501 2520 12
1539 2462 1607 2524 et
1645 2462 1726 2523 de
1754 2461 1833 2522 Is.
1876 2463 1961 2524 et.
2002 2460 2304 2539 omn-32,
2349 2461 2587 2523 Arnob.
2632 2462 2739 2522 III.
2787 2458 2869 2517 29
2908 2461 2978 2522 et

652 2559 828 2633 alibi,
874 2560 1089 2621 Isidor.
1135 2559 1304 2637 Orig.
1345 2561 1510 2620 V111.
1556 2559 1647 2620 11.
1690 2559 1767 2618 31
1811 2559 1933 2622 etc.
1962 2562 2169 2622 Locus
2214 2561 2452 2631 autem,
2496 2559 2566 2619 in
2605 2574 2730 2635 quo
2756 2559 2967 2618 Varro

648 2675 835 2720 suam
879 2658 1277 2736 aliorumque
1332 2658 1697 2720 doctrinam
1735 2659 1813 2720 de
1855 2660 2141 2720 Saturno
2203 2657 2520 2736 exposuit,
2574 2657 2722 2719 erat
2782 2655 2976 2718 iuxta

647 2757 919 2818 eundem
960 2757 1390 2833 Augustinum
1419 2756 1585 2818 liber
1628 2759 1777 2819 XVI
1815 2758 1884 2821 et
1908 2759 2269 2834 postremus
2308 2760 2459 2819 Rer.
2488 2757 2649 2817 Div.:
2691 2755 2784 2816 dii
2813 2770 2973 2817 vero

649 2855 876 2919 selecti
935 2855 1318 2918 dicebantur
1377 2855 1576 2915 Ianus
1635 2855 1886 2932 Iupiter
1945 2856 2271 2917 Saturnus
2310 2855 2550 2916 Genius
2611 2853 2976 2915 Mercurius

650 2954 873 3033 Apollo
912 2956 1091 3015 Mars
1129 2953 1462 3015 Vulcanus
1502 2954 1845 3030 Neptunus
1896 2953 2001 3015 Sol
2043 2957 2244 3017 Orcus
2283 2953 2476 3014 Liber
2516 2953 2735 3014 Tellus
2781 2954 2976 3013 Ocres

649 3055 803 3117 Iuno
843 3055 1035 3115 Luna
1073 3053 1290 3114 Diana
1327 3054 1631 3114 Minerva
1669 3054 1889 3114 Venus
1929 3051 2148 3114 Vesta.

718 3241 743 3289 1
779 3239 1088 3290 XPONOO
1117 3239 1173 3289 P·
1197 3239 1269 3305 112
1308 3237 1488 3289 Caelii
1509 3238 1674 3304 Lugd.
1710 3247 1761 3289 et
1789 3239 1855 3289 al.
1881 3238 1902 3304 ss
1924 3238 1955 3287 3
1984 3239 2228 3300 afrodite
2264 3237 2354 3287 BP
2376 3238 2449 3302 114
2475 3236 2718 3300 intelliqi
2739 3235 2901 3300 Lugd.
2927 3238 2980 3284 et

656 3327 777 3370 vett.
811 3320 929 3371 edd.
981 3321 1053 3384 119
1085 3322 1518 3384 adsumanturq.
1553 3319 1612 3369 Β.

1745 3600 1881 3678 ΙΧ.

1664 3755 1747 3826 (1.
1784 3755 1845 3811 a.
1886 3755 1979 3824 ιι)

727 3954 762 3995 «
798 3937 908 3995 Alii
948 3936 1187 4009 (Ianum)
1225 3935 1500 3991 mundum
1548 3934 1608 3990 id
1655 3935 1748 3991 est
1794 3935 2020 3990 caelum
2055 3948 2183 3990 esse
2224 3933 2534 3989 voluerunt
2568 3935 2873 4003 Ianumque
2907 3932 2981 3987 ab
3038 3927 3112 3981 11

656 4030 841 4086 eundo
876 4024 1113 4097 dictum,
1151 4027 1302 4096 quod
1338 4025 1582 4082 mundus
1619 4039 1849 4096 semper
1883 4027 2001 4091 eat,
2039 4023 2175 4081 dum
2212 4023 2270 4079 in
2294 4023 2493 4079 orbem
2534 4022 2792 4080 volvitur
2815 4023 2876 4079 et
2911 4037 2984 4078 ex

657 4136 721 4177 se
756 4120 987 4176 initium
1022 4117 1233 4174 faciens
1269 4117 1327 4172 in
1364 4130 1426 4172 se
1462 4114 1730 4170 refertur.
1766 4127 1802 4168 »

737 4338 841 4403 Ita
880 4338 1242 4398 Varronem
1296 4335 1366 4395 in
1406 4334 1515 4396 lib.
1571 4332 1713 4394 XVI
1771 4335 1921 4392 Rer.
1984 4330 2125 4395 Div.
2182 4328 2260 4390 de
2315 4332 2473 4390 Iano
2511 4325 2988 4391 ratiocinatum

661 4453 801 4499 esse
844 4435 1149 4499 adfirmat
1188 4432 1595 4510 Augustinus
1632 4430 1711 4492 de
1754 4430 1890 4491 Oiv.
1932 4428 2049 4489 Dei
2088 4429 2219 4491 VII.
2266 4425 2322 4489 8.
2350 4427 2637 4490 Eandem
2677 4425 2990 4502 interpre-
