3334 5192
2619 372 2695 432 15

362 500 713 564 nultimam
755 494 970 558 sedem
1033 492 1262 558 tenent
1310 490 1534 571 capita
1572 492 1680 563 111,
1722 492 1889 569 VIII,
1928 492 2037 566 XI,
2079 492 2251 569 XIII,
2289 492 2515 566 XVIH,
2556 494 2696 565 XX,

357 601 530 673 XXI,
573 596 907 660 extremus
962 593 1234 671 denique
1294 590 1475 654 locus
1513 591 1845 668 assignari
1885 590 2072 653 debet
2109 591 2433 669 capitibus
2472 593 2577 664 IV,
2619 593 2695 667 V,

354 700 462 774 VI,
502 698 619 759 VII
660 694 727 756 et
765 693 999 754 XXIII.
1061 689 1304 753 Eadem
1364 689 1533 751 serie
1596 688 2011 752 decrescente
2070 691 2338 753 servata
2396 690 2469 751 in
2530 689 2697 752 libro

355 797 581 869 tertio,
622 792 822 869 caput
861 792 947 852 IV
985 789 1255 866 reliquis
1293 786 1846 866 praemittendum
1887 788 2004 865 est,
2052 788 2336 851 medium
2376 788 2698 865 occupant

355 894 586 973 capita
612 893 686 968 11,
715 892 802 951 VI
829 888 897 950 et
921 889 1061 962 XII,
1089 886 1323 948 seriem
1364 902 1521 949 vero
1560 885 1790 965 implet
1827 887 2031 964 caput
2055 889 2221 948 XVI.
2250 886 2443 948 Liber
2470 886 2697 949 sextus

361 993 629 1056 unicam
668 988 928 1050 tantum
966 984 1166 1048 habet
1203 985 1275 1046 in
1313 985 1533 1063 capite
1574 987 1661 1047 IV
1713 985 2033 1048 Varronis
2090 985 2507 1048 mentionem.
2558 987 2696 1048 Hoc

360 1089 586 1152 autem
626 1101 756 1147 non
796 1100 870 1146 eo
910 1083 1177 1146 consilio
1218 1099 1325 1145 me
1365 1082 1675 1146 statuisse
1716 1082 1914 1146 velim
1954 1081 2159 1161 puteS,
2201 1084 2470 1161 perinde
2512 1099 2591 1148 ac
2639 1084 2697 1145 si

369 1186 780 1249 autumarem
821 1181 1268 1244 Varronianos
1306 1180 1481 1243 locos
1521 1181 1605 1261 in·
1634 1179 2167 1244 saturnaliorum
2194 1181 2379 1244 libris
2417 1182 2697 1246 insertos

360 1302 474 1348 eos
513 1284 770 1349 tantum
813 1298 969 1354 esse,
1012 1281 1223 1359 quoad
1263 1280 1518 1360 copiam
1559 1279 1627 1342 et
1665 1278 1979 1355 ordinem,
2020 1296 2180 1358 quos
2221 1296 2338 1358 ego
2378 1280 2590 1358 trad0,
2629 1282 2699 1346 et

363 1400 493 1449 non
534 1383 697 1444 alios
738 1396 944 1459 neque
989 1378 1185 1442 aliter
1225 1377 1668 1456 disponendos:
1708 1394 1910 1456 quum
1947 1378 2185 1441 contra
2222 1379 2476 1445 certum
2512 1379 2600 1443 sit
2624 1379 2698 1442 in

361 1482 586 1545 multis
648 1479 973 1558 capitibus
1014 1476 1210 1556 primi
1250 1476 1424 1555 libri,
1464 1477 1669 1540 etiam
1710 1477 1784 1539 in
1822 1477 1919 1538 eis
1965 1493 2002 1538 e
2041 1476 2273 1555 quibus
2312 1477 2422 1541 vel
2460 1493 2694 1556 parum

358 1596 545 1643 sumo
586 1578 965 1649 notandum,
1012 1574 1152 1637 alia
1190 1574 1383 1653 plura
1421 1577 1633 1637 inesse
1672 1575 2112 1651 varroniana,
2144 1575 2255 1637 sed
2294 1576 2394 1639 ita
2432 1576 2699 1654 perfusa

358 1678 430 1741 et
468 1692 631 1758 pene
672 1673 980 1746 contrita,
1023 1672 1101 1734 ut
1140 1687 1299 1751 opus
1337 1670 1505 1735 foret
1545 1672 1710 1735 satis
1771 1671 2049 1734 arduum
2090 1672 2158 1736 et
2194 1671 2496 1736 fortasse·
2511 1674 2696 1752 inep-

361 1775 505 1838 tum
549 1790 631 1835 ea
671 1774 745 1834 in
785 1787 989 1833 unum
1032 1770 1356 1846 colligere.
1399 1771 1468 1832 Si
1509 1787 1661 1849 ergo
1701 1771 1772 1833 id
1810 1770 1953 1844 feci,
1994 1786 2126 1833 non
2173 1771 2254 1834 ob
2294 1771 2497 1835 aliam
2536 1788 2700 1835 cau-

360 1890 510 1935 sam
537 1870 684 1949 feci,
713 1867 841 1932 nisi
868 1870 943 1933 ut
967 1869 1045 1931 de
1073 1868 1296 1932 ordine
1322 1885 1510 1947 quem
1538 1869 1783 1932 curabo
1809 1868 1884 1931 in
1908 1870 2284 1933 exserendis
2308 1868 2696 1947 fragmentis

367 1969 657 2047 legentes
700 1968 957 2030 mature
997 1966 1441 2029 monerentur.

447 2066 567 2127 His
606 2065 828 2143 itaque
866 2065 1267 2143 praepositiS,
1310 2065 1757 2129 Varronianos
1796 2065 1986 2143 locoS‚
2029 2066 2263 2143 quique
2302 2066 2481 2129 certo
2520 2067 2693 2144 sunt,

363 2165 600 2243 quique
629 2163 798 2227 tales
835 2163 979 2241 post
1004 2162 1352 2226 diuturnas
1384 2163 1982 2227 animadversiones
2008 2163 2172 2225 mihi
2198 2163 2522 2243 videntur,
2550 2164 2698 2231 heic

361 2277 733 2340 persequar,
784 2261 852 2324 et
892 2261 975 2322 ad
1034 2261 1398 2324 extremum
1460 2260 1673 2324 locum
1732 2260 2147 2326 coniecturas
2210 2261 2486 2340 aliquas,
2545 2262 2700 2326 utut

360 2358 537 2438 sunt,
578 2358 899 2423 omittam.
