3334 5192
2575 446 2592 459 ‘
2614 439 2697 497 35

367 551 528 621 ipsae
560 547 668 604 aut
701 561 849 617 aqua
882 547 990 604 aut
1010 547 1219 618 pruina
1252 549 1358 606 aut
1370 548 1621 607 *nivibus
1655 536 2038 623 contegantur
2070 566 2247 622 eaque
2280 553 2478 609 omnia
2517 560 2696 611 verno

367 638 427 695 id
462 637 554 694 est
589 637 697 693 hoc
732 649 929 693 mense
979 637 1336 708 aperiantur,
1388 638 1632 696 arbores
1678 653 1896 710 quoque
1949 656 2050 697 nec
2094 641 2287 697 minus
2321 642 2518 698 cetera
2551 656 2699 712 quae

365 727 620 786 continet
655 727 824 784 terra
857 726 1088 797 aperire
1126 742 1189 784 se
1221 728 1280 784 in
1314 742 1551 799 germen
1584 729 1888 801 incipiant:
1925 730 2000 786 ab
2025 731 2115 786 his
2138 726 2404 787 omnibus
2439 746 2696 788 mensem

252 830 313 873 eo
364 818 622 891 Aprilem
661 817 773 874 dici
807 817 1020 874 merito
1054 817 1402 875 credendum
1454 818 1565 888 est,
1616 819 1785 888 quasi
1817 819 2108 890 Aperilem
2150 819 2301 877 sicut
2333 818 2486 891 apud
2520 818 2697 876 Athe·

367 908 591 969 nienses
627 903 1000 981 ἁνῖεστηριών
1045 906 1198 963 idem
1253 907 1468 964 mensis
1517 909 1764 964 vocatur
1817 908 1891 964 ab
1942 923 2011 965 eo
2063 908 2215 978 quod
2268 908 2377 964 hoc
2430 909 2698 980 tempore

365 995 572 1052 cuncta
607 995 934 1053 florescant.
972 1010 1007 1051 >›

444 1321 659 1397 Neque
700 1320 875 1381 hunc
916 1318 1126 1381 locum
1166 1320 1393 1397 quippe
1435 1335 1565 1381 non
1611 1322 1803 1397 parvi
1860 1320 2172 1382 momenti
2214 1320 2560 1397 Bipontina
2600 1321 2696 1409 ed.

366 1432 755 1494 magnopere
796 1417 1004 1494 curat,
1048 1433 1235 1494 quem
1275 1419 1346 1479 in
1385 1434 1530 1495 pag.
1573 1417 1689 1478 371
1724 1419 1803 1480 ad
1832 1435 1913 1481 ea
1940 1419 2343 1495 paucissima
2382 1418 2699 1496 perstrin-

367 1515 482 1591 git,
526 1531 693 1591 quae
735 1515 1041 1591 leguntur
1083 1531 1124 1576 a
1164 1515 1379 1579 verbis
1423 1536 1459 1573 «
1516 1516 1741 1593 Gingio
1800 1517 2003 1579 etiam
2043 1517 2256 1578 Varro
2295 1512 2621 1580 consentit
2661 1508 2705 1575 »'

368 1628 569 1690 usque
613 1613 697 1674 ad
739 1633 774 1670 «
815 1614 1148 1679 nominari
1191 1630 1243 1674 ».
1284 1614 1406 1676 Sed
1444 1630 1641 1691 quam
1684 1614 1849 1678 falso
1888 1614 2129 1676 iudicio
2154 1630 2275 1676 usa
2300 1613 2391 1675 sit
2414 1614 2701 1679 breviter

368 1710 839 1774 demonstrabo.
883 1714 956 1773 In
997 1710 1107 1773 lib.
1131 1714 1215 1774 VI
1245 1714 1315 1772 L.
1345 1714 1418 1773 L.
1445 1711 1545 1792 (in
1564 1729 1689 1789 quo
1714 1730 1922 1791 opere,
1953 1714 2029 1777 ut
2056 1729 2185 1775 non
2215 1712 2416 1774 semel
2458 1714 2698 1786 monui,

368 1811 558 1888 plura
580 1810 956 1873 summatim
1000 1811 1434 1886 reponuntur,
1458 1827 1625 1888 quae
1654 1812 1886 1875 auctor
1913 1811 1982 1872 in
2007 1810 2488 1889 Antiquitatum
2516 1810 2700 1873 libris

367 1911 508 1971 iam
547 1907 966 1987 exposuerat)
993 1909 1191 1971 huius
1212 1909 1564 1986 fragmenti
1594 1926 1827 1973 sensus
1853 1911 2105 1987 integer
2126 1908 2430 1985 traditur,
2472 1925 2702 1986 quam-

368 2024 565 2086 quam
608 2008 863 2084 exiguis
903 2007 1120 2073 verbis
1159 2007 1675 2085 comprehensus;
1719 2024 1875 2069 nam
1915 2007 1985 2068 in
2029 2007 2134 2069 cit.
2182 2009 2221 2083 ἓ
2260 2005 2341 2065 23
2368 2006 2494 2071 duo
2537 2006 2701 2069 haec

370 2105 645 2168 elucent:
689 2121 911 2169 eorum
937 2105 1172 2182 opinio,
1201 2106 1311 2182 qui
1338 2121 1624 2167 mensem
1652 2105 1944 2183 Aprilem
1988 2121 2029 2166 a
2067 2107 2316 2167 Venere
2358 2104 2698 2179 ducebant,

372 2220 530 2281 quos
571 2206 782 2266 Varro
811 2204 1114 2265 Fulvium
1142 2204 1210 2266 et
1234 2204 1492 2266 Iunium
1519 2203 1809 2266 testatur
1836 2203 2058 2277 fuisse,
2077 2205 2146 2266 et
2171 2203 2387 2281 opinio
2416 2203 2700 2264 eiusdem

369 2302 689 2364 Varronis
729 2303 840 2379 qui
879 2301 1165 2380 Aprilem
1212 2301 1294 2362 ab
1328 2302 1671 2379 aperiendo
1707 2302 1939 2365 asserit
1964 2303 2392 2365 nominatum.
2422 2303 2522 2362 En
2561 2302 2703 2363 eius

369 2401 571 2462 verba
613 2420 649 2457 ‹
690 2399 1035 2471 Secundus,
1078 2397 1374 2479 (mensis)
1413 2400 1488 2462 ut
1527 2400 1799 2462 Fulvius
1844 2399 2072 2463 scribit
2112 2400 2181 2463 et
2209 2401 2450 2475 Iunius,
2497 2417 2538 2461 a
2575 2401 2702 2460 Ve-

372 2516 525 2561 nere
566 2499 728 2577 quod
771 2515 851 2561 ea
891 2498 979 2560 sit
1025 2498 1393 2574 Aphrodite3
1454 2499 1685 2575 quoius
1723 2514 1959 2561 nomen
1999 2516 2117 2576 ego
2163 2500 2447 2576 antiquis
2491 2498 2701 2561 literis

369 2600 531 2678 quod
574 2615 894 2676 nusquam
940 2597 1182 2670 inveni,
1228 2598 1440 2673 magis
1480 2596 1638 2675 puto
1665 2597 1925 2671 dictum,
1947 2599 2115 2676 quod
2142 2615 2260 2660 ver
2288 2598 2507 2660 omnia
2553 2613 2704 2674 ape-

368 2699 477 2771 rit,
521 2697 809 2773 Aprilem
850 2718 907 2756 ».
948 2695 1183 2758 Omnia
1223 2710 1376 2772 ergo
1414 2711 1582 2774 quae
1623 2696 2180 2758 Macrobius'heic
2233 2695 2445 2774 prodit
2483 2695 2618 2756 iam
2665 2711 2707 2755 a

370 2799 665 2860 Varrone
704 2795 958 2857 tradita
986 2794 1195 2857 erant.
1225 2795 1347 2857 Sed
1375 2794 1538 2857 levis
1568 2793 1761 2872 atque
1789 2795 2051 2857 omnino
2078 2810 2354 2856 erronea
2380 2793 2707 2855 censenda

371 2895 473 2957 est
497 2895 713 2973 opinio
753 2909 947 2971 quam
989 2896 1187 2955 Ianus
1233 2894 1313 2954 ad
1355 2892 1472 2955 loc.
1503 2894 1820 2955 Macrobii
1845 2896 1912 2957 et
1938 2892 2290 2955 Muellerus
2323 2893 2402 2954 ad
2442 2892 2552 2955 cit.
2586 2891 2712 2954 loc.·

370 2994 688 3055 Varronis
715 2992 886 3055 tueri
915 2992 1235 3069 videntur,
1261 2990 1331 3053 id
1359 2990 1463 3054 est.
1486 2992 1889 3053 Macrobium
1917 2992 2081 3054 haec
2108 2992 2493 3054 scribentem
2536 2991 2706 3052 Var-

369 3091 548 3154 ronis
602 3091 708 3153 cit.
773 3090 880 3151 lib.
935 3093 998 3150 et
1052 3090 1169 3151 loc.
1226 3090 1304 3151 de
1358 3091 1428 3149 L.
1484 3093 1554 3153 L.
1614 3091 1767 3153 ante
1823 3090 2041 3153 oculos
2097 3089 2421 3152 habuisse:
2476 3089 2702 3151 omnia

372 3191 565 3261 enim,
620 3204 784 3266 quae
840 3188 920 3249 ad
963 3188 1291 3250 mensium·
1322 3189 1593 3250 nomina
1632 3190 1701 3251 et
1750 3189 2226 3253 institutionem
2286 3189 2591 3267 attinent,
2636 3188 2707 3249 in

370 3287 849 3365 Antiquitatum
892 3286 1076 3347 libris
1118 3285 1322 3349 fusius
1351 3287 1853 3365 explicabantur
1881 3289 1949 3351 et
1967 3287 2381 3366 probabiliuS,
2414 3285 2490 3350 ut
2509 3304 2709 3365 supra

371 3387 529 3459 dixi,
572 3388 642 3448 in
680 3388 824 3450 XV⁰
863 3388 1014 3446 Rer.
1044 3388 1233 3447 Hum.
1269 3385 1661 3448 Censorinus
1689 3386 1919 3464 quippe
1947 3402 2077 3449 non
2115 3403 2149 3447 e
2179 3385 2364 3447 libris
2405 3386 2482 3446 de
2523 3386 2593 3447 L.
2635 3387 2707 3448 L.

373 3487 482 3548 sed
521 3502 604 3549 ex
632 3483 1154 3575 Antiquitatibus
1183 3484 1407 3545 eadem
1435 3484 1793 3563 desumpsit
1818 3501 1984 3563 quae
2007 3485 2372 3547 Macrobius
2404 3484 2710 3547 autumat

370 3584 447 3645 de
488 3584 611 3645 hoc
652 3598 867 3644 mense
925 3597 1048 3643 nec
1088 3595 1219 3643 non
1258 3583 1326 3645 et
1365 3583 1440 3644 de
1488 3583 1724 3646 ceteris
1766 3582 1933 3656 aliis,
1977 3584 2055 3647 ut
2093 3582 2271 3651 infra
2325 3582 2707 3647 videbimus:

373 3680 553 3742 illius
598 3679 816 3742 autem
856 3679 1059 3741 verba
1100 3701 1135 3737 «
1177 3679 1255 3741 de
1295 3680 1397 3742 die
1438 3681 1645 3743 natal.
1691 3702 1726 3738 »
1769 3697 1823 3742 c.
1864 3679 1945 3739 22
1969 3682 2132 3742 haec
2159 3683 2316 3744 sunt
2342 3702 2379 3739 ‹<
2420 3680 2709 3759 Aprilem

376 3779 595 3842 autem
636 3794 766 3841 non
797 3778 879 3840 ab
904 3777 1254 3856 Aphrodite
1281 3779 1390 3841 sed
1423 3778 1504 3839 ab
1534 3778 1898 3856 aperiendo,
1926 3779 2091 3858 quod
2118 3780 2276 3843 tunc
2302 3780 2440 3841 fere
2466 3778 2709 3841 cuncta

372 3877 734 3955 gignantur
774 3879 841 3940 et
880 3877 1243 3939 nascentur
1278 3877 1347 3940 et
1387 3878 1698 3939 nascendi
1739 3878 2033 3941 claustra
2077 3879 2334 3955 aperiat
2372 3880 2612 3941 natura
2651 3897 2707 3937 ».

375 3975 615 4037 Eadem
656 3975 885 4038 testati
928 3975 1083 4038 sunt
1123 3973 1519 4037 Plutarchus
1570 3976 1691 4037 loc.
1746 3976 1876 4053 cit„
1935 3977 2246 4038 Laurent.
2288 3975 2441 4053 Lyd.
2486 3977 2587 4037 IV.
2630 3974 2710 4032 44

377 4091 524 4152 sqq.,
567 4074 713 4135 Isid.
756 4074 872 4137 loc.
915 4074 1026 4137 cit.
1069 4072 1138 4135 et
1179 4073 1296 4136 alii
1353 4074 1672 4136 nonnulli.

438 4246 467 4316 1'
500 4270 776 4318 nominau
818 4268 878 4317 B:
925 4277 1091 4331 putat
1120 4268 1166 4317 P
1187 4268 1262 4335 [12
1311 4269 1658 4334 aspiratione
1690 4269 1864 4330 Ianne,
1899 4268 2067 4333 Lugd.
2105 4274 2157 4317 et
2188 4274 2309 4318 vett.
2363 4266 2499 4316 edd.:
2537 4266 2708 4328 afron

376 4349 561 4414 BPns
605 4350 878 4399 adserunt
918 4349 1073 4399 Ianus
1119 4348 1334 4414 aliiqq.:
1378 4350 1560 4413 fuisse
1602 4359 1865 4400 asserunt
1905 4348 2045 4415 Pu7
2084 4349 2410 4413 yenitricem
2442 4346 2503 4396 P.
2553 4344 2724 4396 Ianus

375 4430 528 4495 aliiq.
562 4430 593 4480 8
631 4431 869 4481 Cincius
900 4429 1064 4495 aliqq.
1094 4430 1229 4481 edd.:
1269 4432 1434 4494 festis
1466 4431 1512 4482 P
1533 4430 1556 4495 Ε
1577 4428 1639 4478 12
1679 4430 1983 4480 celebratur
2015 4427 2183 4493 Lugd.
2214 4434 2266 4477 et
2295 4433 2418 4477 vett.
2454 4426 2588 4476 edd.:
2629 4441 2714 4475 oe-

378 4511 687 4563 lebraretwr
721 4512 777 4562 in
808 4512 971 4576 aliqq.
1001 4511 1150 4561 MSS.
1196 4518 1250 4562 et
1278 4513 1414 4564 edd:
1450 4513 1649 4577 oanqio
1681 4513 1737 4562 P·
1760 4513 1782 4577 ss
1805 4511 2183 4577 l3‘afflrmwns
2216 4510 2277 4560 P.
2301 4508 2466 4573 Lugd.
2504 4502 2724 4559 est-'veta
