3334 5192
2663 439 2703 496 7

366 571 527 618 num
568 552 753 616 libris
792 569 1028 617 novem
1072 553 1368 614 maxima
1410 567 1493 613 ex
1533 550 1722 629 parte
1763 550 2066 614 derivare
2106 552 2513 630 cogitaverit,
2555 570 2703 616 eam

370 653 663 717 adhibuit
700 652 1115 730 industriam,
1158 668 1240 714 ne
1278 652 1596 714 maiorem
1637 652 1873 730 dicam,
1917 669 2114 730 quam
2153 653 2225 714 in
2265 652 2704 732 subripiendis

367 753 514 814 Auli
577 752 734 814 locis
795 750 1185 814 constanter·
1231 749 1542 813 servavit.
1598 750 1885 830 Cumque
1935 751 2061 812 sibi
2120 752 2527 829 proposuerit
2567 752 2704 831 ple-

366 866 603 929 rasque
645 852 712 914 et
750 850 1084 927 graviores
1123 849 1534 927 quaestiones
1575 864 1709 910 non
1750 849 1892 909 sine
1920 849 2203 926 quadam
2229 850 2537 912 cautione
2579 851 2706 912 sibi

369 951 708 1026 tamquam
770 963 924 1009 suas
963 944 1317 1022 vindicare,
1360 946 1620 1023 singula
1660 946 2066 1023 problemata
2122 963 2394 1025 quorum
2437 947 2705 1011 solutio-

368 1061 517 1108 nem
557 1046 856 1124 egregius
898 1044 1371 1107 Chaeronensis
1412 1043 1552 1106 tam
1593 1043 1941 1121 diligenter
1980 1045 2333 1122 temptavit
2389 1061 2604 1123 prope,
2647 1047 2704 1107 si

371 1143 472 1205 fas
513 1145 614 1207 est
654 1144 883 1217 dicere,
925 1142 1347 1221 depopulatus
1388 1142 1506 1215 est,
1548 1142 1770 1204 varios
1819 1143 1990 1204 locos
2051 1143 2159 1205 hic
2220 1143 2372 1205 inde
2428 1144 2725 1221 captans-

369 1241 599 1318 quibus
642 1242 939 1305 adsuitur
978 1240 1474 1319 unumquodque
1516 1257 1600 1301 ex
1640 1240 1967 1318 capitibus
2019 1241 2159 1303 eius
2211 1242 2365 1303 libri
2425 1241 2702 1318 septimi.

368 1339 684 1403 Notatum
725 1338 870 1402 volo
909 1340 1135 1402 tamen
1174 1338 1341 1416 quod
1381 1355 1591 1416 neque
1631 1338 1743 1400 hic
1782 1338 2062 1402 Gellium
2090 1357 2281 1403 suum
2318 1341 2706 1418 praetermi-

368 1438 457 1501 sit
496 1438 775 1511 omninO,
817 1437 918 1501 uti
964 1454 1005 1500 a
1044 1437 1431 1516 praepositis
1478 1436 1974 1515 aequationibus
2007 1440 2341 1502 evidenter
2381 1438 2702 1501 innuitur.

366 1539 555 1611 Nam,
598 1537 678 1600 ut
717 1537 951 1600 sileam
993 1538 1071 1599 de
1111 1537 1206 1597 eis
1247 1552 1413 1614 quae
1453 1538 1524 1597 in
1566 1537 1903 1599 Platonem
1932 1536 1999 1599 et
2023 1554 2141 1614 pro
2182 1537 2462 1600 Platone
2492 1537 2565 1598 in
2592 1536 2701 1598 de-

367 1637 536 1699 cimo
575 1635 796 1714 quinto
835 1634 1050 1713 capite
1111 1633 1522 1696 disseruntur
1562 1651 1599 1696 e
1639 1633 1831 1695 Gellii
1872 1634 2036 1697 libro
2075 1636 2254 1696 XVII
2312 1651 2454 1712 cap.
2500 1634 2571 1693 11
2620 1635 2701 1696 ad

365 1734 665 1798 litteram
707 1734 1039 1812 exscripta
1063 1733 1252 1811 amne
1296 1735 1378 1795 ab
1417 1734 1538 1796 hoc
1580 1751 1616 1796 e
1657 1734 2118 1810 Symposiacon
2157 1734 2276 1795 VII
2315 1733 2561 1810 quaest.
2614 1732 2706 1792 1.·

370 1833 590 1910 aperte
635 1848 715 1895 ac
755 1832 908 1895 dato
949 1832 1212 1894 nomine
1255 1833 1577 1906 derivata,
1618 1831 1865 1909 pluries
1903 1832 2128 1909 utique
2167 1832 2546 1893 consuetam
2592 1847 2701 1893 ra-

365 1932 593 2009 pinam
633 1930 726 1993 in.
745 1942 952 2008 parva
990 1929 1215 1992 tamen
1266 1930 1640 2008 quantitate
1704 1947 2045 2007 aggressus
2087 1929 2214 2004 est;
2254 1929 2357 1992 uti
2397 1929 2708 2007 perspici-

366 2030 480 2091 tur
519 2028 592 2090 in
633 2044 771 2105 cap.
818 2025 912 2089 12.
954 2028 1052 2104 24,
1095 2028 1210 2091 ubi
1237 2029 1611 2107 disputatur
1655 2050 1693 2086 «
1729 2044 1846 2089 cur
1891 2044 2063 2106 aqua
2104 2044 2270 2106 quae
2311 2027 2525 2090 obsita
2566 2026 2703 2103 glo-

366 2129 467 2189 bis
507 2127 758 2189 nivium
787 2127 1163 2206 perducitur
1192 2129 1273 2190 ad
1303 2127 1593 2193 nivalem
1633 2128 1916 2204 rigorem
1959 2127 2176 2188 minus
2209 2128 2281 2186 in
2321 2127 2473 2204 potu
2500 2127 2705 2188 noxia

369 2227 488 2304 est,
532 2243 728 2304 quam
771 2242 854 2288 ex
894 2227 1036 2304 ipsa
1076 2227 1229 2288 nive
1274 2241 1443 2303 aqua
1483 2225 1775 2289 resoluta
1799 2246 1856 2298 »,
1898 2226 1965 2288 et
2003 2225 2182 2287 infra
2226 2227 2308 2287 ad
2348 2240 2411 2285 n.
2454 2223 2552 2294 28,
2590 2224 2705 2286 ubi

367 2324 664 2402 quaestio
707 2324 997 2401 agitatur
1044 2344 1080 2380 «
1119 2339 1239 2385 cur
1277 2324 1440 2385 vina
1484 2323 1602 2386 aut
1640 2339 1997 2401 numquam
2042 2324 2159 2386 aut
2199 2324 2498 2386 rarenter
2556 2338 2705 2384 con-

365 2423 706 2499 gelascant
745 2421 979 2485 ceteris
1021 2439 1104 2483 ex
1133 2437 1375 2498 magna
1402 2421 1591 2500 parte
1631 2421 2015 2483 humoribus
2055 2421 2397 2484 nimietate
2439 2421 2705 2498 frigoris

364 2523 508 2598 cogi
568 2520 775 2583 solitis
819 2541 876 2594 »ς
917 2536 1082 2597 quae
1139 2521 1360 2582 omnia
1400 2520 1471 2581 in
1509 2521 1673 2581 Aulo
1728 2519 2160 2582 inveniuntur
2199 2520 2242 2582 1.
2284 2523 2451 2582 XIX.
2491 2519 2548 2593 5,
2589 2520 2705 2582 ubi

365 2617 706 2696 quaeritur
748 2639 785 2676 «
824 2619 988 2695 quod
1031 2617 1205 2681 nivis
1250 2635 1423 2696 aqua
1461 2619 1641 2697 potui
1683 2620 1967 2696 pessima
2009 2620 2098 2682 sit
2140 2640 2175 2677 »
2219 2620 2285 2682 et
2326 2619 2365 2679 l.
2406 2621 2602 2681 XVII.
2645 2617 2704 2692 8,

366 2718 438 2779 in
497 2734 621 2795 quo
682 2716 1082 2794 disceptatur
1120 2736 1158 2778 «
1201 2732 1319 2779 cur
1361 2716 1574 2778 oleum
1635 2732 1830 2795 saepe
1872 2718 1939 2780 et
1963 2716 2193 2794 facile,
2255 2718 2418 2779 vina
2476 2717 2705 2778 rarius

368 2814 844 2891 congelascant,
911 2814 1170 2877 acetum
1230 2814 1409 2876 haud
1466 2813 1598 2875 fere
1659 2830 1967 2893 unquam,
2012 2816 2080 2878 et
2119 2816 2283 2893 quod
2330 2831 2538 2892 aquae
2579 2816 2703 2877 fiu-

366 2913 621 2974 viorum
662 2912 1067 2990 fontiumque
1105 2912 1442 2988 durentur,
1484 2928 1673 2974 mare
1712 2913 1861 2988 gelu
1904 2929 2035 2975 non
2076 2913 2344 2976 duretur
2387 2936 2443 2975 ».
2485 2914 2589 2975 Ita
2631 2913 2704 2975 in

367 3025 507 3087 cap.
554 3008 644 3068 13.
687 3009 744 3087 7,
787 3010 855 3071 in
898 3026 1022 3086 quo
1061 3009 1503 3086 investigatur
1544 3031 1580 3068 «
1623 3025 1743 3072 cur
1797 3011 1921 3072 sibi
1981 3011 2346 3073 communis
2393 3011 2705 3073 adsensus

369 3108 640 3170 anulum
678 3108 751 3168 in
792 3108 994 3184 digito
1032 3108 1144 3185 qui
1184 3108 1454 3170 minimo
1494 3108 1751 3170 vicinus
1794 3109 1911 3183 est,
1954 3126 2144 3187 quem
2187 3109 2390 3172 etiam
2442 3110 2704 3170 medici-

364 3207 585 3268 nalem
625 3206 868 3268 vocant
908 3206 977 3268 et
1014 3221 1215 3267 manu
1255 3207 1600 3284 praecipue
1641 3208 1920 3271 sinistra
1960 3208 2348 3285 gestandum
2389 3225 2528 3270 esse
2556 3225 2704 3286 per-

363 3304 577 3367 suasit
616 3325 671 3381 »,
726 3320 808 3364 ea
865 3304 1311 3367 retractantur
1369 3320 1537 3382 quae
1577 3305 1818 3367 Gellius
1881 3306 2087 3369 refert
2140 3308 2213 3367 in
2252 3305 2291 3369 1.
2335 3308 2413 3368 X.
2461 3305 2537 3365 10
2576 3307 2705 3368 hac

360 3401 789 3480 inscriptione
832 3423 868 3460 «
909 3418 1028 3464 cur
1067 3404 1301 3463 Graeci
1341 3403 1408 3466 et
1447 3406 1729 3468 Romani
1774 3405 2091 3466 annu-lum
2133 3406 2204 3466 in
2244 3421 2319 3467 eo
2360 3405 2563 3482 digito
2595 3421 2703 3482 ge-

365 3498 735 3574 staverunt,
774 3500 885 3577 qui
927 3499 1027 3562 est
1066 3499 1139 3560 in
1181 3516 1382 3561 manu
1423 3502 1698 3564 sinistra
1739 3503 2008 3564 minimo
2048 3504 2384 3581 proximus
2415 3525 2468 3565 ›>.
2512 3505 2706 3565 Deni-

363 3615 483 3677 que
522 3614 905 3676 comparare
942 3613 1077 3659 non
1096 3597 1384 3661 dubitem
1425 3616 1593 3677 quae
1634 3599 1944 3677 leguntur
1972 3600 2045 3661 in
2074 3615 2213 3679 cap.
2246 3600 2340 3679 11,
2369 3601 2481 3662 ubi
2508 3617 2704 3679 quae-

363 3697 533 3759 ritur
592 3717 629 3755 «
690 3710 812 3757 cur
871 3696 923 3757 ii
985 3710 1145 3773 quos
1203 3697 1446 3774 pudeat
1509 3698 1626 3761 aut
1685 3699 1800 3775 qui
1858 3698 2147 3775 gaudent
2204 3698 2574 3775 rubescant,
2636 3698 2704 3761 et

363 3794 727 3857 metuentes
753 3792 967 3871 pallor
991 3794 1326 3869 invadit»,
1355 3811 1505 3857 cum
1533 3795 1616 3857 iis
1638 3811 1805 3873 quae
1833 3796 2060 3858 insunt
2086 3797 2158 3857 in
2183 3797 2375 3858 Gellii
2398 3796 2507 3858 lib.
2531 3798 2706 3858 XIX.

365 3908 506 3968 cap.
549 3891 589 3949 6
628 3892 751 3953 sub
788 3891 912 3954 hoc
950 3892 1141 3957 titulo
1196 3913 1233 3950 «
1275 3893 1440 3971 quod
1480 3893 1685 3970 pudor
1711 3895 2095 3970 sanguinem
2131 3896 2214 3956 ab
2242 3896 2437 3957 extra
2464 3894 2703 3956 diffun-

364 3990 478 4066 dit,
509 3988 705 4051 timor
742 4004 899 4052 vero
928 3989 1260 4053 contrahit
1290 4007 1349 4064 »ς
1375 4005 1625 4053 necnon
1655 3991 1724 4054 et
1759 4007 1927 4069 quae
1968 3992 2198 4077 patent
2224 3993 2295 4052 in
2323 4007 2461 4069 cap.
2495 3991 2570 4051 14
2598 3991 2701 4054 his

363 4086 576 4149 verbis
614 4089 943 4166 proposita
985 4110 1022 4147 «
1064 4105 1185 4151 cur
1223 4090 1296 4151 in
1341 4106 1512 4167 aqua
1553 4090 1907 4152 simulacra
1946 4091 2204 4153 maiora
2262 4091 2432 4151 veris
2477 4089 2708 4151 viden-

362 4187 472 4249 tur
513 4201 550 4247 >
593 4201 738 4247 cum
780 4186 862 4248 iis
902 4203 1071 4265 quae
1111 4187 1354 4266 partim
1396 4188 1596 4251 habet
1635 4188 1881 4249 Gellius
1922 4188 1993 4249 in
2033 4188 2075 4249 1.
2115 4189 2191 4249 V.
2238 4186 2313 4246 16
2339 4188 2434 4249 sic
2469 4187 2703 4250 notata

363 4304 400 4341 «
442 4283 521 4345 de
559 4283 631 4346 vi
671 4283 997 4346 oculorum
1055 4286 1249 4363 atque
1304 4285 1562 4348 videndi
1625 4286 1993 4349 rationibus
2036 4306 2093 4360 ιι,
2135 4303 2171 4347 e
2211 4286 2559 4349 Plutarcho
2601 4286 2704 4348 ta-

359 4398 510 4445 men
550 4381 795 4445 hausta
831 4383 905 4443 in
945 4385 1032 4444 IV
1069 4384 1146 4445 de
1186 4384 1450 4462 placitis
1474 4385 2006 4463 Philosophorum
2035 4401 2174 4465 cap.
2212 4385 2305 4463 13,
2333 4386 2447 4448 ubi
2481 4385 2708 4463 agitur

359 4481 480 4558 περὶ
519 4472 754 4559 ὁράσεως
795 4481 1052 4548 καὶπῶς
1099 4484 1318 4566 ορῦμεν.
