3334 5192
606 413 681 472 12

590 528 974 606 quaestione
1033 528 1307 606 perferri
1348 528 1622 606 poterat,
1665 529 1737 588 in
1778 527 1875 591 tot
1915 545 2069 590 vero
2109 528 2321 607 rebus,
2377 529 2532 606 quot
2588 531 2755 606 apud
2796 532 2937 593 Ma-

601 629 888 691 crobium
929 629 1359 692 declarandae
1420 626 1882 704 proponuntur,
1926 627 2115 689 valde
2156 629 2418 705 iniquus
2472 629 2695 706 procul
2740 629 2932 691 dubio

597 727 827 789 fuisset
851 727 1169 803 huiusque
1211 726 1494 788 naturae
1521 742 1757 803 parum
1805 718 2039 802 aptus.¹
2081 727 2411 794 Quaedam
2434 727 2641 804 igitur
2672 729 2751 789 ab
2780 744 2930 805 un0‚

601 827 918 903 quaedam
979 842 1134 886 vero
1202 825 1282 885 ab
1327 824 1453 886 alio
1517 840 1599 885 ex
1665 826 1973 902 appositis
2035 825 2475 902 scriptoribuS,
2524 826 2600 888 ut
2651 827 2932 888 materia

599 924 989 1003 postulabat,
1018 924 1357 986 mutuatus
1399 939 1574 984 more
1604 922 1812 999 solito,
1856 939 1986 985 non
2013 939 2228 1000 pauca
2269 925 2471 986 etiam
2512 926 2935 987 Varroniana

593 1023 995 1098 congessisse
1037 1023 1341 1083 inventus
1383 1021 1483 1083 est
1521 1021 1890 1083 ceterorum
1931 1020 2276 1083 sententiis
2316 1020 2459 1100 plus
2495 1023 2795 1084 minusve
2825 1022 2933 1084 ad·

603 1122 831 1183 mixta.

681 1221 1038 1283 Praeterea
1078 1237 1183 1281 eos
1225 1220 1568 1297 scriptores
1610 1236 1726 1280 seu
1767 1221 2045 1280 Graecos
2086 1236 2200 1281 seu
2238 1224 2583 1294 RomanOS,
2627 1221 2736 1298 qui
2783 1219 2936 1283 ante

603 1324 966 1382 Varronem
1033 1319 1149 1382 aut
1207 1319 1430 1381 eadem
1496 1318 1718 1381 aetate
1765 1317 2078 1380 vixerunt
2116 1334 2245 1395 qua
2287 1320 2423 1396 ipse
2464 1318 2663 1396 deque
2705 1321 2933 1381 iisdem

601 1420 796 1481 rebus
838 1420 1228 1494 tractavere,
1273 1418 1329 1479 si
1370 1418 1442 1478 in
1463 1417 1902 1478 Macrobianis
1944 1416 2219 1493 pagellis
2261 1417 2659 1479 coniunctim
2688 1418 2756 1480 et
2780 1434 2939 1495 qua-

605 1519 755 1579 dam
798 1517 966 1577 serie
1007 1517 1332 1577 cernimus
1370 1514 1726 1592 dispositOS,
1757 1515 2120 1577 extremum
2164 1515 2375 1576 locum
2416 1517 2711 1578 Varrone
2752 1532 2937 1578 occu-

606 1616 822 1692 pante,
869 1630 908 1673 a
947 1614 1229 1675 veritate
1269 1612 1524 1689 quidem
1566 1613 1826 1689 saepius
1872 1628 1912 1672 a
1952 1628 2195 1689 magna
2234 1611 2747 1690 quandoquidem
2800 1631 2938 1692 pro-

603 1712 946 1776 babilitate
978 1711 1281 1773 abludere
1319 1727 1450 1772 non
1478 1711 1732 1772 dicendi
1776 1710 2036 1783 erimuS‚
2065 1726 2212 1772 cum
2256 1714 2323 1773 et
2362 1711 2510 1773 illos
2557 1712 2637 1773 ab
2665 1713 2938 1788 ipsomet

605 1812 887 1875 Reatino
929 1811 998 1870 in
1041 1825 1225 1886 opere
1268 1824 1382 1869 suo
1426 1808 1624 1869 fuisse
1667 1808 2022 1896 opportune
2049 1809 2287 1872 citatos
2331 1826 2723 1872 asseramus,
2765 1813 2937 1872 Nam

596 1911 672 1972 et
712 1911 771 1971 ei
812 1926 948 1971 mos
977 1909 1144 1982 erat,
1172 1923 1320 1968 cum
1354 1907 1640 1984 aliquam
1684 1907 2187 1983 disputationem
2227 1909 2601 1985 susciperet,
2645 1909 2937 1971 diversas

602 2011 1008 2070 diversorum
1071 2006 1461 2082 scriptorum
1521 2022 1633 2066 seu
1697 2007 1991 2066 veterum
2034 2022 2146 2067 seu
2194 2007 2563 2084 aequalium
2604 2008 2939 2084 opiniones

598 2122 913 2184 oggerere
978 2105 1327 2180 antequam
1391 2120 1577 2164 suam
1620 2103 1958 2180 proferret,
2001 2105 2099 2167 uti
2143 2105 2245 2167 est
2306 2107 2829 2168 animadvertere
2869 2106 2940 2166 in

605 2206 790 2267 libris
853 2206 992 2264 eius
1033 2204 1143 2280 qui
1205 2202 1554 2279 supersunt
1593 2217 1843 2263 necnon
1886 2204 1956 2263 in
1999 2202 2476 2280 deperditorum
2536 2203 2938 2280 fragmentis.

606 2304 922 2365 Novimus
969 2302 1189 2363 autem
1232 2317 1316 2361 ex
1361 2299 1498 2361 alia
1538 2299 1743 2376 parte,
1788 2301 1861 2362 ut
1900 2317 2101 2376 supra
2142 2301 2281 2361 dixi
2322 2317 2471 2362 cum
2508 2302 2584 2363 de
2625 2302 2941 2365 Gellianis

600 2400 766 2462 locis
808 2399 997 2474 tetigi
1041 2415 1081 2460 a
1124 2398 1452 2459 Macrobio
1483 2397 1833 2473 usurpatis,
1876 2398 2050 2459 hunc
2077 2398 2338 2460 solitum
2378 2399 2578 2461 fuisse
2604 2416 2735 2461 non
2759 2399 2941 2462 modo

609 2497 864 2561 alienas
925 2512 1072 2574 opes
1136 2496 1464 2572 invadere,
1529 2511 1757 2556 verum
1799 2497 2003 2558 etiam
2065 2498 2425 2560 sententias
2480 2514 2647 2575 quae
2690 2499 2759 2559 in
2802 2499 2940 2575 ipso

608 2598 747 2659 loco
809 2595 931 2657 sibi
991 2595 1322 2657 vindicato
1367 2595 1513 2654 aliis
1579 2593 1955 2656 auctoribus
2024 2595 2413 2658 nominatim
2480 2591 2941 2658 adscribantur

606 2710 781 2756 nunc
821 2694 1097 2756 tacitum
1150 2709 1322 2754 nunc
1375 2694 1645 2754 nomina
1699 2691 2151 2771 proferentem,
2200 2694 2269 2756 at
2311 2712 2561 2771 semper
2602 2696 2937 2772 tamquam

608 2793 1051 2854 inventionem
1093 2806 1299 2862 suam,
1341 2805 1473 2851 non
1514 2790 1657 2851 sine
1699 2791 1980 2868 quadam
2037 2792 2395 2855 ambitione
2440 2793 2539 2855 ita
2579 2793 2937 2869 cumulare,

604 2891 683 2953 ut
720 2891 832 2968 qui
872 2891 1119 2968 primus
1167 2905 1281 2952 eas
1335 2890 1842 2966 investigaverit
1880 2891 1946 2953 et
1988 2891 2058 2952 in
2098 2892 2429 2968 proprium
2473 2891 2709 2952 librum
2753 2893 2939 2954 rede-
2988 2968 2992 2971 ,

596 2991 774 3065 gerit
813 3005 944 3049 non
987 3003 1238 3063 semper
1277 2988 1566 3063 dignosci
1607 2989 1825 3064 possit.

683 3091 818 3150 Nec
856 3087 1106 3163 quoties
1166 3086 1588 3149 Varroniana
1628 3087 1927 3149 doctrina
1966 3087 2199 3163 utitur,
2257 3087 2453 3150 toties
2500 3090 2783 3152 auctoris
2828 3105 2940 3151 no-

609 3203 758 3247 men
800 3185 1130 3263 patefacit.
1176 3186 1243 3247 Si
1285 3187 1460 3246 enim
1522 3186 1835 3260 diligente
1902 3187 2119 3247 animo
2171 3186 2696 3249 saturnaliorum
2742 3187 2941 3249 libros

608 3285 1077 3362 perpendimus,
1109 3284 1319 3346 multa
1353 3285 1608 3361 quidem
1637 3284 1823 3346 nobis
1866 3285 2225 3357 occurrent,
2248 3301 2414 3362 quae
2441 3286 2635 3362 probe
2678 3286 2753 3348 ut
2777 3286 2942 3346 Var-

607 3383 893 3445 roniana
933 3383 1513 3459 deprehenduntur.
1570 3383 1665 3443 Ad
1715 3383 1837 3444 hoc
1881 3383 2098 3445 autem
2160 3383 2625 3460 dispiciendum
2686 3384 2939 3460 aliquas

604 3480 948 3543 cautiones
988 3482 1238 3558 oportet
1283 3482 1604 3542 adhibere:
1664 3482 1819 3543 ante
1861 3482 2086 3543 omnia
2140 3482 2539 3558 exploranda
2589 3481 2690 3544 est
2749 3494 2941 3542 accu-

603 3580 756 3642 rate
782 3595 1004 3640 rerum
1046 3579 1528 3656 disputatarum
1555 3578 1822 3653 natura,
1864 3580 1921 3640 si
1949 3579 2116 3643 forte
2157 3597 2241 3641 ex
2269 3581 2364 3641 eis
2394 3581 2527 3642 sint
2562 3582 2631 3641 in
2660 3594 2938 3658 quarum

677 3761 688 3787 ¹
719 3753 895 3805 Huius
929 3753 1130 3819 ingenii
1162 3761 1350 3805 natura
1371 3770 1434 3804 ex
1454 3754 1728 3818 aliquibus
1761 3755 2039 3806 sententiis
2064 3755 2120 3805 in
2143 3755 2468 3820 praefatione
2499 3757 2570 3807 ad
2590 3755 2941 3807 Eustachium

606 3836 784 3886 filium
833 3834 1110 3898 expressis,
1156 3842 1216 3884 ut
1261 3850 1354 3899 ego
1386 3835 1637 3896 arbitror,
1693 3835 1936 3901 dignosci
1982 3842 2166 3899 potest.
2199 3836 2295 3887 Ait
2342 3836 2500 3885 enim.
2531 3856 2559 3883 «
2591 3837 2698 3886 Nos
2732 3851 2941 3901 quoque

613 3915 866 3982 quicquid
887 3915 1098 3965 diversa
1119 3914 1341 3965 lectione
1368 3914 1730 3979 quaesivimus
1755 3916 2139 3965 committemus
2164 3916 2308 3978 stilo,
2333 3922 2393 3966 ut
2416 3917 2470 3964 in
2495 3916 2735 3966 ordinem
2757 3918 2962 3966 eodem.

613 4000 876 4060 digerente
909 3997 1166 4047 coalescat
1197 4003 1240 4044 ὴ.
1274 3996 1344 4046 Et
1376 3985 1516 4045 infra
1549 4014 1576 4042 «
1612 3996 1695 4045 Ex
1728 3997 1973 4046 omnibus
2023 3995 2334 4061 colligamus
2369 3998 2507 4047 unde
2551 4013 2716 4047 unum
2756 3998 2847 4048 fiat
2879 4012 2943 4046 ex

613 4078 872 4137 *sunnibuffi
924 4076 1063 4127 sicut
1109 4090 1247 4126 unus
1295 4091 1546 4126 numerus
1593 4075 1654 4124 fit
1702 4091 1730 4124 e
1763 4074 2008 4140 singulis,
2041 4094 2069 4121 »
2105 4076 2250 4134 Quae
2299 4078 2460 4126 verba
2506 4076 2646 4126 mihi
2692 4077 2939 4127 videntur

609 4164 785 4220 aperte
833 4157 1015 4208 testari
1061 4155 1295 4220 aliquem
1327 4156 1572 4206 ordinem
1604 4169 1710 4204 non
1739 4156 1807 4205 ab
1841 4155 2078 4206 auctoris
2120 4155 2388 4206 industria
2420 4162 2472 4206 et
2503 4156 2730 4206 consilio
2759 4171 2944 4220 expec-

613 4238 824 4291 tandum
856 4252 988 4299 esse,
1020 4239 1114 4289 sed
1143 4238 1210 4288 ab
1244 4237 1363 4302 ipsa
1395 4252 1575 4286 rerum
1606 4235 1951 4286 confusarum
1982 4235 2245 4301 indigesta
2276 4237 2545 4302 congerie:
2584 4238 2760 4299 stilus,
2788 4238 2845 4288 id
2865 4244 2946 4288 est

609 4318 871 4368 wari-atio
904 4325 955 4369 et
983 4318 1269 4368 multitudo
1301 4332 1499 4378 rerum,
1537 4315 1809 4366 varietatis
1832 4315 2102 4377 unitatem,
2130 4331 2288 4380 quam
2312 4315 2407 4366 ille
2429 4317 2577 4368 nullo
2612 4318 2769 4368 modo
2794 4317 2945 4367 nisus

609 4408 689 4448 cst
717 4412 1039 4462 comparare,
1078 4397 1133 4447 in
1166 4398 1456 4463 legentium
1492 4395 1669 4446 animo
1703 4410 1797 4460 per
1830 4395 2065 4458 seipsum
2098 4395 2453 4446 nanciscetur.
2485 4399 2558 4447 At
2579 4397 2681 4446 hoc
2711 4396 2945 4462 profecto

605 4476 735 4525 fiatis
767 4476 1007 4542 ignaviae
1041 4477 1280 4528 ostendit.
