<?xml version="1.0" encoding="UTF-8"?>
<!DOCTYPE html PUBLIC "-//W3C//DTD XHTML 1.0 Transitional//EN"
    "http://www.w3.org/TR/xhtml1/DTD/xhtml1-transitional.dtd">
<html xmlns="http://www.w3.org/1999/xhtml" xml:lang="en" lang="en">
 <head>
  <title>
</title>
<meta http-equiv="Content-Type" content="text/html;charset=utf-8" />
  <meta name='ocr-system' content='tesseract 3.04.00' />
  <meta name='ocr-capabilities' content='ocr_page ocr_carea ocr_par ocr_line ocrx_word'/>
</head>
<body>
  <div class='ocr_page' id='page_1' title='image "./varroniananonnu00biusgoog_0042.png"; bbox 0 0 3334 5192; ppageno 0'>
   <div class='ocr_carea' id='block_1_1' title="bbox 630 397 710 456">
    <p class='ocr_par' dir='ltr' id='par_1_1' title="bbox 630 397 710 456">
     <span class='ocr_line' id='line_1_1' title="bbox 630 397 710 456; baseline 0 0"><span class='ocrx_word' id='word_1_1' title='bbox 630 397 710 456; x_wconf 89' lang='lat'><strong>38</strong></span> 
     </span>
    </p>
   </div>
   <div class='ocr_carea' id='block_1_2' title="bbox 631 513 3059 1864">
    <p class='ocr_par' dir='ltr' id='par_1_2' title="bbox 631 513 3059 1864">
     <span class='ocr_line' id='line_1_2' title="bbox 632 513 2959 591; baseline 0.001 -17"><span class='ocrx_word' id='word_1_2' title='bbox 632 514 914 575; x_wconf 82' lang='lat' dir='ltr'><strong>beantur</strong></span> <span class='ocrx_word' id='word_1_3' title='bbox 952 534 1005 574; x_wconf 78' lang='lat'><strong>›.</strong></span> <span class='ocrx_word' id='word_1_4' title='bbox 1047 514 1288 575; x_wconf 89' lang='lat' dir='ltr'><strong>Eadem</strong></span> <span class='ocrx_word' id='word_1_5' title='bbox 1340 513 1611 576; x_wconf 87' lang='lat' dir='ltr'><strong>tradunt</strong></span> <span class='ocrx_word' id='word_1_6' title='bbox 1649 528 1889 586; x_wconf 61' lang='lat' dir='ltr'><strong>omnes</strong></span> <span class='ocrx_word' id='word_1_7' title='bbox 1920 513 2095 575; x_wconf 90' lang='lat' dir='ltr'><strong>inter</strong></span> <span class='ocrx_word' id='word_1_8' title='bbox 2119 531 2278 591; x_wconf 92' lang='lat' dir='ltr'><strong>quos</strong></span> <span class='ocrx_word' id='word_1_9' title='bbox 2304 513 2413 576; x_wconf 91' lang='lat' dir='ltr'><strong>sat</strong></span> <span class='ocrx_word' id='word_1_10' title='bbox 2438 513 2537 575; x_wconf 89' lang='lat' dir='ltr'><strong>est</strong></span> <span class='ocrx_word' id='word_1_11' title='bbox 2587 515 2959 577; x_wconf 82' lang='lat' dir='ltr'><strong>meminisse</strong></span> 
     </span>
     <span class='ocr_line' id='line_1_3' title="bbox 631 609 2967 690; baseline -0.001 -16"><span class='ocrx_word' id='word_1_12' title='bbox 631 611 807 674; x_wconf 84' lang='lat' dir='ltr'><strong>ovid.</strong></span> <span class='ocrx_word' id='word_1_13' title='bbox 851 613 1022 675; x_wconf 87' lang='lat' dir='ltr'><strong>Fast.</strong></span> <span class='ocrx_word' id='word_1_14' title='bbox 1065 615 1167 674; x_wconf 91' lang='lat' dir='ltr'><strong>VI.</strong></span> <span class='ocrx_word' id='word_1_15' title='bbox 1207 610 1288 670; x_wconf 87' lang='grc'><strong>26</strong></span> <span class='ocrx_word' id='word_1_16' title='bbox 1328 613 1394 674; x_wconf 91' lang='lat' dir='ltr'><strong>et</strong></span> <span class='ocrx_word' id='word_1_17' title='bbox 1433 629 1494 674; x_wconf 84' lang='lat' dir='ltr'><strong>v.</strong></span> <span class='ocrx_word' id='word_1_18' title='bbox 1523 609 1606 671; x_wconf 86' lang='lat'><strong>59</strong></span> <span class='ocrx_word' id='word_1_19' title='bbox 1632 628 1761 689; x_wconf 92' lang='lat' dir='ltr'><strong>sqq.</strong></span> <span class='ocrx_word' id='word_1_20' title='bbox 1790 612 1859 673; x_wconf 89' lang='lat' dir='ltr'><strong>et</strong></span> <span class='ocrx_word' id='word_1_21' title='bbox 1878 613 2045 674; x_wconf 90' lang='lat' dir='ltr'><strong>Fest.</strong></span> <span class='ocrx_word' id='word_1_22' title='bbox 2078 613 2245 690; x_wconf 90' lang='lat' dir='ltr'><strong>apud</strong></span> <span class='ocrx_word' id='word_1_23' title='bbox 2274 611 2455 672; x_wconf 87' lang='lat' dir='ltr'><strong>Paul.</strong></span> <span class='ocrx_word' id='word_1_24' title='bbox 2486 610 2593 672; x_wconf 91' lang='lat' dir='ltr'><strong>lib.</strong></span> <span class='ocrx_word' id='word_1_25' title='bbox 2638 614 2726 673; x_wconf 92' lang='lat' dir='ltr'><strong>IX</strong></span> <span class='ocrx_word' id='word_1_26' title='bbox 2754 629 2811 690; x_wconf 95' lang='lat' dir='ltr'><strong>p.</strong></span> <span class='ocrx_word' id='word_1_27' title='bbox 2846 612 2967 674; x_wconf 86' lang='lat'><strong>103</strong></span> 
     </span>
     <span class='ocr_line' id='line_1_4' title="bbox 633 710 2962 787; baseline 0 -15"><span class='ocrx_word' id='word_1_28' title='bbox 633 710 867 787; x_wconf 89' lang='lat' dir='ltr'><strong>Muell.‚</strong></span> <span class='ocrx_word' id='word_1_29' title='bbox 908 710 1016 772; x_wconf 93' lang='lat' dir='ltr'><strong>ubi</strong></span> <span class='ocrx_word' id='word_1_30' title='bbox 1057 711 1221 772; x_wconf 89' lang='lat' dir='ltr'><strong>haec</strong></span> <span class='ocrx_word' id='word_1_31' title='bbox 1262 710 1566 787; x_wconf 85' lang='lat' dir='ltr'><strong>leguntur</strong></span> <span class='ocrx_word' id='word_1_32' title='bbox 1609 731 1645 768; x_wconf 84' lang='lat'><strong>«</strong></span> <span class='ocrx_word' id='word_1_33' title='bbox 1691 710 1947 772; x_wconf 91' lang='lat' dir='ltr'><strong>Iunium</strong></span> <span class='ocrx_word' id='word_1_34' title='bbox 1986 726 2269 772; x_wconf 90' lang='lat' dir='ltr'><strong>mensem</strong></span> <span class='ocrx_word' id='word_1_35' title='bbox 2328 710 2572 772; x_wconf 90' lang='lat' dir='ltr'><strong>dictum</strong></span> <span class='ocrx_word' id='word_1_36' title='bbox 2635 711 2875 787; x_wconf 88' lang='lat' dir='ltr'><strong>putant</strong></span> <span class='ocrx_word' id='word_1_37' title='bbox 2920 728 2962 772; x_wconf 90' lang='lat' dir='ltr'><strong>a</strong></span> 
     </span>
     <span class='ocr_line' id='line_1_5' title="bbox 632 807 3059 891; baseline 0 -22"><span class='ocrx_word' id='word_1_38' title='bbox 632 812 891 870; x_wconf 90' lang='lat' dir='ltr'><strong>Iunone.</strong></span> <span class='ocrx_word' id='word_1_39' title='bbox 919 808 1116 870; x_wconf 90' lang='lat' dir='ltr'><strong>Iidem</strong></span> <span class='ocrx_word' id='word_1_40' title='bbox 1163 809 1371 885; x_wconf 93' lang='lat' dir='ltr'><strong>ipsum</strong></span> <span class='ocrx_word' id='word_1_41' title='bbox 1404 807 1704 870; x_wconf 82' lang='lat' dir='ltr'><strong>dicebant</strong></span> <span class='ocrx_word' id='word_1_42' title='bbox 1755 808 2099 869; x_wconf 87' lang='lat' dir='ltr'><strong>Iunonium</strong></span> <span class='ocrx_word' id='word_1_43' title='bbox 2138 810 2207 870; x_wconf 90' lang='lat' dir='ltr'><strong>et</strong></span> <span class='ocrx_word' id='word_1_44' title='bbox 2240 808 2621 870; x_wconf 89' lang='lat' dir='ltr'><strong>Iunonalem</strong></span> <span class='ocrx_word' id='word_1_45' title='bbox 2651 829 2706 868; x_wconf 72' lang='lat'><strong>2».</strong></span> <span class='ocrx_word' id='word_1_46' title='bbox 2743 809 2958 885; x_wconf 84' lang='lat' dir='ltr'><strong>Cingii</strong></span> <span class='ocrx_word' id='word_1_47' title='bbox 3052 886 3059 891; x_wconf 18' lang='grc' dir='ltr'><strong>μ</strong></span> 
     </span>
     <span class='ocr_line' id='line_1_6' title="bbox 632 902 2958 983; baseline 0 -15"><span class='ocrx_word' id='word_1_48' title='bbox 632 906 1071 968; x_wconf 89' lang='lat' dir='ltr'><strong>testimonium</strong></span> <span class='ocrx_word' id='word_1_49' title='bbox 1104 922 1145 966; x_wconf 91' lang='lat' dir='ltr'><strong>a</strong></span> <span class='ocrx_word' id='word_1_50' title='bbox 1172 905 1496 968; x_wconf 89' lang='lat' dir='ltr'><strong>Macrobio</strong></span> <span class='ocrx_word' id='word_1_51' title='bbox 1523 906 1896 968; x_wconf 87' lang='lat' dir='ltr'><strong>invocatum</strong></span> <span class='ocrx_word' id='word_1_52' title='bbox 1926 922 2055 967; x_wconf 91' lang='lat' dir='ltr'><strong>non</strong></span> <span class='ocrx_word' id='word_1_53' title='bbox 2083 902 2350 983; x_wconf 89' lang='lat' dir='ltr'><strong>impedit</strong></span> <span class='ocrx_word' id='word_1_54' title='bbox 2397 907 2738 983; x_wconf 87' lang='lat' dir='ltr'><strong>quominus</strong></span> <span class='ocrx_word' id='word_1_55' title='bbox 2779 907 2958 968; x_wconf 92' lang='lat' dir='ltr'><strong>locus</strong></span> 
     </span>
     <span class='ocr_line' id='line_1_7' title="bbox 632 1003 2959 1080; baseline 0 -15"><span class='ocrx_word' id='word_1_56' title='bbox 632 1005 913 1066; x_wconf 88' lang='lat' dir='ltr'><strong>Varroni</strong></span> <span class='ocrx_word' id='word_1_57' title='bbox 954 1003 1302 1080; x_wconf 79' lang='lat' dir='ltr'><strong>tribuatur,</strong></span> <span class='ocrx_word' id='word_1_58' title='bbox 1343 1016 1498 1065; x_wconf 91' lang='lat' dir='ltr'><strong>nam</strong></span> <span class='ocrx_word' id='word_1_59' title='bbox 1541 1004 1755 1080; x_wconf 86' lang='lat' dir='ltr'><strong>Cingii</strong></span> <span class='ocrx_word' id='word_1_60' title='bbox 1807 1004 2174 1066; x_wconf 87' lang='lat' dir='ltr'><strong>doctrinam</strong></span> <span class='ocrx_word' id='word_1_61' title='bbox 2227 1003 2465 1066; x_wconf 89' lang='lat' dir='ltr'><strong>Noster</strong></span> <span class='ocrx_word' id='word_1_62' title='bbox 2505 1005 2576 1064; x_wconf 93' lang='lat' dir='ltr'><strong>in</strong></span> <span class='ocrx_word' id='word_1_63' title='bbox 2618 1004 2843 1066; x_wconf 89' lang='lat' dir='ltr'><strong>multis</strong></span> <span class='ocrx_word' id='word_1_64' title='bbox 2882 1004 2959 1065; x_wconf 91' lang='lat' dir='ltr'><strong>li·</strong></span> 
     </span>
     <span class='ocr_line' id='line_1_8' title="bbox 631 1100 2955 1178; baseline 0 -16"><span class='ocrx_word' id='word_1_65' title='bbox 631 1101 861 1164; x_wconf 91' lang='lat' dir='ltr'><strong>benter</strong></span> <span class='ocrx_word' id='word_1_66' title='bbox 903 1101 1308 1178; x_wconf 85' lang='lat' dir='ltr'><strong>amplexatus</strong></span> <span class='ocrx_word' id='word_1_67' title='bbox 1351 1100 1468 1178; x_wconf 88' lang='lat' dir='ltr'><strong>est,</strong></span> <span class='ocrx_word' id='word_1_68' title='bbox 1510 1101 1580 1163; x_wconf 88' lang='lat' dir='ltr'><strong>et</strong></span> <span class='ocrx_word' id='word_1_69' title='bbox 1619 1102 1877 1178; x_wconf 89' lang='lat' dir='ltr'><strong>saepius</strong></span> <span class='ocrx_word' id='word_1_70' title='bbox 1915 1102 2254 1178; x_wconf 90' lang='lat' dir='ltr'><strong>utriusque</strong></span> <span class='ocrx_word' id='word_1_71' title='bbox 2293 1118 2531 1164; x_wconf 90' lang='lat' dir='ltr'><strong>nomen</strong></span> <span class='ocrx_word' id='word_1_72' title='bbox 2559 1103 2955 1166; x_wconf 90' lang='lat' dir='ltr'><strong>coniunctim</strong></span> 
     </span>
     <span class='ocr_line' id='line_1_9' title="bbox 633 1198 2953 1277; baseline 0.001 -17"><span class='ocrx_word' id='word_1_73' title='bbox 633 1200 925 1263; x_wconf 80' lang='lat' dir='ltr'><strong>refertur.</strong></span> <span class='ocrx_word' id='word_1_74' title='bbox 966 1200 1102 1260; x_wconf 91' lang='lat' dir='ltr'><strong>Vid.</strong></span> <span class='ocrx_word' id='word_1_75' title='bbox 1135 1215 1343 1277; x_wconf 87' lang='lat' dir='ltr'><strong>supra</strong></span> <span class='ocrx_word' id='word_1_76' title='bbox 1383 1198 1616 1276; x_wconf 82' lang='lat' dir='ltr'><strong>fragm.</strong></span> <span class='ocrx_word' id='word_1_77' title='bbox 1656 1201 1864 1260; x_wconf 90' lang='lat' dir='ltr'><strong>XVIII</strong></span> <span class='ocrx_word' id='word_1_78' title='bbox 1905 1199 1982 1260; x_wconf 91' lang='lat' dir='ltr'><strong>de</strong></span> <span class='ocrx_word' id='word_1_79' title='bbox 2044 1215 2263 1261; x_wconf 88' lang='lat' dir='ltr'><strong>mense</strong></span> <span class='ocrx_word' id='word_1_80' title='bbox 2303 1200 2526 1277; x_wconf 86' lang='lat' dir='ltr'><strong>Aprili.</strong></span> <span class='ocrx_word' id='word_1_81' title='bbox 2568 1203 2645 1263; x_wconf 92' lang='lat' dir='ltr'><strong>In</strong></span> <span class='ocrx_word' id='word_1_82' title='bbox 2686 1201 2797 1263; x_wconf 92' lang='lat' dir='ltr'><strong>cit.</strong></span> <span class='ocrx_word' id='word_1_83' title='bbox 2839 1201 2953 1262; x_wconf 94' lang='lat' dir='ltr'><strong>loc.</strong></span> 
     </span>
     <span class='ocr_line' id='line_1_10' title="bbox 633 1297 2959 1381; baseline 0.001 -24"><span class='ocrx_word' id='word_1_84' title='bbox 633 1297 711 1358; x_wconf 93' lang='lat' dir='ltr'><strong>de</strong></span> <span class='ocrx_word' id='word_1_85' title='bbox 750 1299 821 1381; x_wconf 97' lang='lat' dir='ltr'><strong>L.</strong></span> <span class='ocrx_word' id='word_1_86' title='bbox 864 1299 932 1357; x_wconf 88' lang='lat' dir='ltr'><strong>L.</strong></span> <span class='ocrx_word' id='word_1_87' title='bbox 963 1297 1319 1359; x_wconf 91' lang='lat' dir='ltr'><strong>communis</strong></span> <span class='ocrx_word' id='word_1_88' title='bbox 1359 1297 1615 1360; x_wconf 89' lang='lat' dir='ltr'><strong>tantum</strong></span> <span class='ocrx_word' id='word_1_89' title='bbox 1646 1297 1861 1373; x_wconf 88' lang='lat' dir='ltr'><strong>opinio</strong></span> <span class='ocrx_word' id='word_1_90' title='bbox 1889 1298 2266 1375; x_wconf 87' lang='lat' dir='ltr'><strong>perhibetur</strong></span> <span class='ocrx_word' id='word_1_91' title='bbox 2292 1298 2396 1359; x_wconf 90' lang='lat' dir='ltr'><strong>his</strong></span> <span class='ocrx_word' id='word_1_92' title='bbox 2423 1299 2639 1360; x_wconf 88' lang='lat' dir='ltr'><strong>verbis</strong></span> <span class='ocrx_word' id='word_1_93' title='bbox 2682 1320 2719 1357; x_wconf 84' lang='lat'><strong>‹&lt;</strong></span> <span class='ocrx_word' id='word_1_94' title='bbox 2758 1314 2959 1376; x_wconf 87' lang='lat' dir='ltr'><strong>quar-</strong></span> 
     </span>
     <span class='ocr_line' id='line_1_11' title="bbox 634 1394 2957 1478; baseline 0 -21"><span class='ocrx_word' id='word_1_95' title='bbox 634 1396 742 1478; x_wconf 87' lang='lat' dir='ltr'><strong>tus</strong></span> <span class='ocrx_word' id='word_1_96' title='bbox 781 1394 1072 1475; x_wconf 90' lang='lat' dir='ltr'><strong>(mensis)</strong></span> <span class='ocrx_word' id='word_1_97' title='bbox 1103 1412 1144 1457; x_wconf 90' lang='lat' dir='ltr'><strong>a</strong></span> <span class='ocrx_word' id='word_1_98' title='bbox 1174 1395 1536 1457; x_wconf 90' lang='lat' dir='ltr'><strong>iunioribus</strong></span> <span class='ocrx_word' id='word_1_99' title='bbox 1576 1396 1787 1458; x_wconf 86' lang='lat' dir='ltr'><strong>dictus</strong></span> <span class='ocrx_word' id='word_1_100' title='bbox 1818 1396 2042 1457; x_wconf 91' lang='lat' dir='ltr'><strong>Iunius</strong></span> <span class='ocrx_word' id='word_1_101' title='bbox 2071 1416 2127 1469; x_wconf 81' lang='lat'><strong>»3</strong></span> <span class='ocrx_word' id='word_1_102' title='bbox 2170 1398 2279 1458; x_wconf 91' lang='lat' dir='ltr'><strong>sed</strong></span> <span class='ocrx_word' id='word_1_103' title='bbox 2320 1412 2522 1474; x_wconf 90' lang='lat' dir='ltr'><strong>neque</strong></span> <span class='ocrx_word' id='word_1_104' title='bbox 2563 1397 2685 1459; x_wconf 89' lang='lat' dir='ltr'><strong>hoc</strong></span> <span class='ocrx_word' id='word_1_105' title='bbox 2709 1398 2957 1463; x_wconf 75' lang='lat' dir='ltr'><strong>Censo-</strong></span> 
     </span>
     <span class='ocr_line' id='line_1_12' title="bbox 633 1492 2956 1571; baseline 0.001 -18"><span class='ocrx_word' id='word_1_106' title='bbox 633 1494 767 1555; x_wconf 90' lang='lat' dir='ltr'><strong>rini</strong></span> <span class='ocrx_word' id='word_1_107' title='bbox 811 1494 1234 1556; x_wconf 85' lang='lat' dir='ltr'><strong>assertionem</strong></span> <span class='ocrx_word' id='word_1_108' title='bbox 1275 1493 1609 1555; x_wconf 86' lang='lat' dir='ltr'><strong>infirmare</strong></span> <span class='ocrx_word' id='word_1_109' title='bbox 1649 1492 1877 1570; x_wconf 91' lang='lat' dir='ltr'><strong>potest,</strong></span> <span class='ocrx_word' id='word_1_110' title='bbox 1916 1494 2072 1570; x_wconf 90' lang='lat' dir='ltr'><strong>quia</strong></span> <span class='ocrx_word' id='word_1_111' title='bbox 2110 1510 2241 1556; x_wconf 90' lang='lat' dir='ltr'><strong>non</strong></span> <span class='ocrx_word' id='word_1_112' title='bbox 2270 1494 2491 1556; x_wconf 90' lang='lat' dir='ltr'><strong>omnia</strong></span> <span class='ocrx_word' id='word_1_113' title='bbox 2536 1509 2702 1571; x_wconf 90' lang='lat' dir='ltr'><strong>quae</strong></span> <span class='ocrx_word' id='word_1_114' title='bbox 2743 1496 2956 1556; x_wconf 91' lang='lat' dir='ltr'><strong>Varro</strong></span> 
     </span>
     <span class='ocr_line' id='line_1_13' title="bbox 633 1589 2956 1668; baseline 0.001 -18"><span class='ocrx_word' id='word_1_115' title='bbox 633 1591 704 1650; x_wconf 92' lang='lat' dir='ltr'><strong>in</strong></span> <span class='ocrx_word' id='word_1_116' title='bbox 743 1591 1259 1668; x_wconf 86' lang='lat' dir='ltr'><strong>Antiquitatibus</strong></span> <span class='ocrx_word' id='word_1_117' title='bbox 1298 1589 1532 1666; x_wconf 88' lang='lat' dir='ltr'><strong>docuit,</strong></span> <span class='ocrx_word' id='word_1_118' title='bbox 1575 1591 1646 1651; x_wconf 91' lang='lat' dir='ltr'><strong>in</strong></span> <span class='ocrx_word' id='word_1_119' title='bbox 1688 1589 1872 1651; x_wconf 91' lang='lat' dir='ltr'><strong>libris</strong></span> <span class='ocrx_word' id='word_1_120' title='bbox 1911 1591 1987 1651; x_wconf 89' lang='lat' dir='ltr'><strong>de</strong></span> <span class='ocrx_word' id='word_1_121' title='bbox 2038 1593 2108 1651; x_wconf 92' lang='lat' dir='ltr'><strong>L.</strong></span> <span class='ocrx_word' id='word_1_122' title='bbox 2158 1594 2229 1653; x_wconf 90' lang='lat' dir='ltr'><strong>L.</strong></span> <span class='ocrx_word' id='word_1_123' title='bbox 2296 1592 2504 1654; x_wconf 88' lang='lat' dir='ltr'><strong>denuo</strong></span> <span class='ocrx_word' id='word_1_124' title='bbox 2564 1591 2800 1654; x_wconf 81' lang='lat' dir='ltr'><strong>maluit</strong></span> <span class='ocrx_word' id='word_1_125' title='bbox 2855 1608 2956 1652; x_wconf 91' lang='lat' dir='ltr'><strong>re-</strong></span> 
     </span>
     <span class='ocr_line' id='line_1_14' title="bbox 634 1688 2953 1772; baseline 0 -22"><span class='ocrx_word' id='word_1_126' title='bbox 634 1705 915 1772; x_wconf 86' lang='lat' dir='ltr'><strong>censere.</strong></span> <span class='ocrx_word' id='word_1_127' title='bbox 958 1689 1170 1751; x_wconf 89' lang='lat' dir='ltr'><strong>Etiam</strong></span> <span class='ocrx_word' id='word_1_128' title='bbox 1211 1688 1321 1749; x_wconf 90' lang='lat' dir='ltr'><strong>hic</strong></span> <span class='ocrx_word' id='word_1_129' title='bbox 1360 1688 1540 1749; x_wconf 91' lang='lat' dir='ltr'><strong>locus</strong></span> <span class='ocrx_word' id='word_1_130' title='bbox 1583 1688 1792 1750; x_wconf 87' lang='lat' dir='ltr'><strong>inesse</strong></span> <span class='ocrx_word' id='word_1_131' title='bbox 1833 1688 2055 1751; x_wconf 87' lang='lat' dir='ltr'><strong>debuit</strong></span> <span class='ocrx_word' id='word_1_132' title='bbox 2092 1690 2165 1751; x_wconf 91' lang='lat' dir='ltr'><strong>in</strong></span> <span class='ocrx_word' id='word_1_133' title='bbox 2214 1690 2378 1752; x_wconf 88' lang='lat' dir='ltr'><strong>libro</strong></span> <span class='ocrx_word' id='word_1_134' title='bbox 2417 1691 2493 1751; x_wconf 91' lang='lat' dir='ltr'><strong>de</strong></span> <span class='ocrx_word' id='word_1_135' title='bbox 2534 1689 2863 1751; x_wconf 86' lang='lat' dir='ltr'><strong>mensibus</strong></span> <span class='ocrx_word' id='word_1_136' title='bbox 2890 1688 2953 1750; x_wconf 90' lang='lat' dir='ltr'><strong>id</strong></span> 
     </span>
     <span class='ocr_line' id='line_1_15' title="bbox 634 1787 1797 1864; baseline -0.001 -16"><span class='ocrx_word' id='word_1_137' title='bbox 634 1788 734 1851; x_wconf 88' lang='lat' dir='ltr'><strong>est</strong></span> <span class='ocrx_word' id='word_1_138' title='bbox 772 1789 843 1849; x_wconf 90' lang='lat' dir='ltr'><strong>in</strong></span> <span class='ocrx_word' id='word_1_139' title='bbox 884 1790 1001 1850; x_wconf 92' lang='lat' dir='ltr'><strong>XV</strong></span> <span class='ocrx_word' id='word_1_140' title='bbox 1041 1791 1190 1849; x_wconf 87' lang='lat' dir='ltr'><strong>Rer.</strong></span> <span class='ocrx_word' id='word_1_141' title='bbox 1232 1790 1421 1848; x_wconf 91' lang='lat' dir='ltr'><strong>Hum.</strong></span> <span class='ocrx_word' id='word_1_142' title='bbox 1466 1787 1541 1850; x_wconf 93' lang='lat' dir='ltr'><strong>ut</strong></span> <span class='ocrx_word' id='word_1_143' title='bbox 1581 1803 1797 1864; x_wconf 89' lang='lat' dir='ltr'><strong>supra.</strong></span> 
     </span>
    </p>
   </div>
   <div class='ocr_carea' id='block_1_3' title="bbox 697 1935 2240 2002">
    <p class='ocr_par' dir='ltr' id='par_1_3' title="bbox 697 1935 2240 2002">
     <span class='ocr_line' id='line_1_16' title="bbox 697 1935 2240 2002; baseline -0.001 -15"><span class='ocrx_word' id='word_1_144' title='bbox 697 1938 729 1987; x_wconf 79' lang='lat'><strong>2</strong></span> <span class='ocrx_word' id='word_1_145' title='bbox 769 1939 1004 1989; x_wconf 74' lang='lat' dir='ltr'><strong>cincius</strong></span> <span class='ocrx_word' id='word_1_146' title='bbox 1036 1937 1094 1986; x_wconf 87' lang='lat' dir='ltr'><strong>in</strong></span> <span class='ocrx_word' id='word_1_147' title='bbox 1125 1937 1286 2002; x_wconf 84' lang='lat' dir='ltr'><strong>aliqq.</strong></span> <span class='ocrx_word' id='word_1_148' title='bbox 1315 1935 1463 1986; x_wconf 86' lang='lat' dir='ltr'><strong>MSS.</strong></span> <span class='ocrx_word' id='word_1_149' title='bbox 1491 1944 1543 1987; x_wconf 87' lang='lat' dir='ltr'><strong>et</strong></span> <span class='ocrx_word' id='word_1_150' title='bbox 1573 1937 1689 1987; x_wconf 87' lang='lat' dir='ltr'><strong>edd.</strong></span> <span class='ocrx_word' id='word_1_151' title='bbox 1713 1937 1785 2002; x_wconf 76' lang='lat'><strong>114</strong></span> <span class='ocrx_word' id='word_1_152' title='bbox 1819 1937 2148 2000; x_wconf 76' lang='lat' dir='ltr'><strong>apellatione</strong></span> <span class='ocrx_word' id='word_1_153' title='bbox 2180 1937 2240 1986; x_wconf 88' lang='lat' dir='ltr'><strong>B.</strong></span> 
     </span>
    </p>
   </div>
   <div class='ocr_carea' id='block_1_4' title="bbox 1641 2178 1983 2433">
    <p class='ocr_par' dir='ltr' id='par_1_4' title="bbox 1641 2178 1983 2433">
     <span class='ocr_line' id='line_1_17' title="bbox 1674 2178 1983 2341; baseline -0.003 -46"><span class='ocrx_word' id='word_1_154' title='bbox 1674 2178 1918 2295; x_wconf 77' lang='lat' dir='ltr'><strong>X&#39;Xn.</strong></span> <span class='ocrx_word' id='word_1_155' title='bbox 1971 2329 1983 2341; x_wconf 93' lang='lat'><strong>.</strong></span> 
     </span>
     <span class='ocr_line' id='line_1_18' title="bbox 1641 2361 1951 2433; baseline 0 -16"><span class='ocrx_word' id='word_1_156' title='bbox 1641 2363 1718 2433; x_wconf 82' lang='grc' dir='ltr'><strong>(Ι.</strong></span> <span class='ocrx_word' id='word_1_157' title='bbox 1759 2363 1857 2418; x_wconf 75' lang='lat'><strong>13.</strong></span> <span class='ocrx_word' id='word_1_158' title='bbox 1892 2361 1951 2433; x_wconf 77' lang='lat' dir='ltr'><strong>a)</strong></span> 
     </span>
    </p>
   </div>
   <div class='ocr_carea' id='block_1_5' title="bbox 633 2528 3047 3034">
    <p class='ocr_par' dir='ltr' id='par_1_5' title="bbox 633 2528 3047 3034">
     <span class='ocr_line' id='line_1_19' title="bbox 708 2528 3047 2602; baseline -0.001 -15"><span class='ocrx_word' id='word_1_159' title='bbox 708 2545 744 2587; x_wconf 81' lang='lat'>«</span> <span class='ocrx_word' id='word_1_160' title='bbox 777 2533 855 2585; x_wconf 93' lang='lat' dir='ltr'><strong>De</strong></span> <span class='ocrx_word' id='word_1_161' title='bbox 890 2529 1110 2586; x_wconf 91' lang='lat' dir='ltr'><strong>duobus</strong></span> <span class='ocrx_word' id='word_1_162' title='bbox 1144 2530 1476 2602; x_wconf 85' lang='lat' dir='ltr'><strong>(mensibus)</strong></span> <span class='ocrx_word' id='word_1_163' title='bbox 1514 2531 1772 2602; x_wconf 78' lang='lat' dir='ltr'><strong>pr10rem</strong></span> <span class='ocrx_word' id='word_1_164' title='bbox 1820 2531 2145 2587; x_wconf 83' lang='lat' dir='ltr'><strong>Ianuarium</strong></span> <span class='ocrx_word' id='word_1_165' title='bbox 2183 2528 2531 2600; x_wconf 86' lang='lat' dir='ltr'><strong>nuncupavit</strong></span> <span class='ocrx_word' id='word_1_166' title='bbox 2565 2528 2793 2595; x_wconf 80' lang='lat' dir='ltr'><strong>(Numa)</strong></span> <span class='ocrx_word' id='word_1_167' title='bbox 2829 2531 2953 2601; x_wconf 88' lang='lat' dir='ltr'><strong>pri·</strong></span> <span class='ocrx_word' id='word_1_168' title='bbox 3008 2542 3047 2597; x_wconf 74' lang='lat'><strong>3</strong></span> 
     </span>
     <span class='ocr_line' id='line_1_20' title="bbox 635 2619 2950 2691; baseline -0.001 -15"><span class='ocrx_word' id='word_1_169' title='bbox 635 2635 906 2690; x_wconf 89' lang='lat' dir='ltr'><strong>mumque</strong></span> <span class='ocrx_word' id='word_1_170' title='bbox 940 2622 1072 2676; x_wconf 87' lang='lat' dir='ltr'><strong>anni</strong></span> <span class='ocrx_word' id='word_1_171' title='bbox 1109 2635 1235 2676; x_wconf 91' lang='lat' dir='ltr'><strong>esse</strong></span> <span class='ocrx_word' id='word_1_172' title='bbox 1269 2620 1475 2684; x_wconf 84' lang='lat' dir='ltr'><strong>voluit.</strong></span> <span class='ocrx_word' id='word_1_173' title='bbox 1511 2620 1812 2690; x_wconf 88' lang='lat' dir='ltr'><strong>tamquam</strong></span> <span class='ocrx_word' id='word_1_174' title='bbox 1848 2620 2099 2691; x_wconf 87' lang='lat' dir='ltr'><strong>bicipitis</strong></span> <span class='ocrx_word' id='word_1_175' title='bbox 2135 2619 2225 2676; x_wconf 90' lang='lat' dir='ltr'><strong>dei</strong></span> <span class='ocrx_word' id='word_1_176' title='bbox 2258 2633 2512 2675; x_wconf 90' lang='lat' dir='ltr'><strong>mensem</strong></span> <span class='ocrx_word' id='word_1_177' title='bbox 2549 2620 2950 2691; x_wconf 86' lang='lat' dir='ltr'><strong>respicientem</strong></span> 
     </span>
     <span class='ocr_line' id='line_1_21' title="bbox 635 2707 2951 2780; baseline -0.001 -15"><span class='ocrx_word' id='word_1_178' title='bbox 635 2723 703 2765; x_wconf 89' lang='lat' dir='ltr'><strong>ac</strong></span> <span class='ocrx_word' id='word_1_179' title='bbox 735 2709 1184 2780; x_wconf 86' lang='lat' dir='ltr'><strong>prospicientem</strong></span> <span class='ocrx_word' id='word_1_180' title='bbox 1231 2709 1515 2766; x_wconf 84' lang='lat' dir='ltr'><strong>transacti</strong></span> <span class='ocrx_word' id='word_1_181' title='bbox 1556 2710 1689 2765; x_wconf 88' lang='lat' dir='ltr'><strong>anni</strong></span> <span class='ocrx_word' id='word_1_182' title='bbox 1736 2708 1908 2764; x_wconf 89' lang='lat' dir='ltr'><strong>finem</strong></span> <span class='ocrx_word' id='word_1_183' title='bbox 1955 2707 2243 2776; x_wconf 82' lang='lat' dir='ltr'><strong>futurique</strong></span> <span class='ocrx_word' id='word_1_184' title='bbox 2287 2707 2588 2779; x_wconf 85' lang='lat' dir='ltr'><strong>principia,</strong></span> <span class='ocrx_word' id='word_1_185' title='bbox 2640 2709 2951 2765; x_wconf 88' lang='lat' dir='ltr'><strong>secundum</strong></span> 
     </span>
     <span class='ocr_line' id='line_1_22' title="bbox 635 2790 2951 2878; baseline -0.002 -22"><span class='ocrx_word' id='word_1_186' title='bbox 635 2799 852 2856; x_wconf 86' lang='lat' dir='ltr'><strong>dicavit</strong></span> <span class='ocrx_word' id='word_1_187' title='bbox 885 2799 1106 2855; x_wconf 88' lang='lat' dir='ltr'><strong>Februo</strong></span> <span class='ocrx_word' id='word_1_188' title='bbox 1142 2799 1269 2878; x_wconf 67' lang='lat' dir='ltr'><strong>deO,</strong></span> <span class='ocrx_word' id='word_1_189' title='bbox 1306 2801 1399 2869; x_wconf 88' lang='lat' dir='ltr'><strong>qui</strong></span> <span class='ocrx_word' id='word_1_190' title='bbox 1438 2798 1856 2856; x_wconf 85' lang='lat' dir='ltr'><strong>lustrationum</strong></span> <span class='ocrx_word' id='word_1_191' title='bbox 1903 2790 2115 2869; x_wconf 81' lang='lat' dir='ltr'><strong>potens</strong></span> <span class='ocrx_word' id='word_1_192' title='bbox 2154 2797 2427 2853; x_wconf 86' lang='lat' dir='ltr'><strong>creditur.</strong></span> <span class='ocrx_word' id='word_1_193' title='bbox 2477 2797 2721 2853; x_wconf 90' lang='lat' dir='ltr'><strong>lustrari</strong></span> <span class='ocrx_word' id='word_1_194' title='bbox 2756 2800 2951 2854; x_wconf 88' lang='lat' dir='ltr'><strong>autem</strong></span> 
     </span>
     <span class='ocr_line' id='line_1_23' title="bbox 633 2886 2953 2958; baseline -0 -13"><span class='ocrx_word' id='word_1_195' title='bbox 633 2903 703 2945; x_wconf 89' lang='lat' dir='ltr'><strong>eo</strong></span> <span class='ocrx_word' id='word_1_196' title='bbox 737 2902 931 2944; x_wconf 88' lang='lat' dir='ltr'><strong>mense</strong></span> <span class='ocrx_word' id='word_1_197' title='bbox 964 2888 1270 2945; x_wconf 87' lang='lat' dir='ltr'><strong>civitatem</strong></span> <span class='ocrx_word' id='word_1_198' title='bbox 1305 2902 1534 2944; x_wconf 88' lang='lat' dir='ltr'><strong>necesse</strong></span> <span class='ocrx_word' id='word_1_199' title='bbox 1569 2888 1719 2958; x_wconf 88' lang='lat' dir='ltr'><strong>erat,</strong></span> <span class='ocrx_word' id='word_1_200' title='bbox 1755 2902 1867 2957; x_wconf 92' lang='lat' dir='ltr'><strong>quo</strong></span> <span class='ocrx_word' id='word_1_201' title='bbox 1905 2886 2115 2944; x_wconf 86' lang='lat' dir='ltr'><strong>statuit</strong></span> <span class='ocrx_word' id='word_1_202' title='bbox 2139 2886 2207 2942; x_wconf 91' lang='lat' dir='ltr'><strong>ut</strong></span> <span class='ocrx_word' id='word_1_203' title='bbox 2230 2887 2383 2942; x_wconf 88' lang='lat' dir='ltr'><strong>iusta</strong></span> <span class='ocrx_word' id='word_1_204' title='bbox 2408 2886 2498 2942; x_wconf 90' lang='lat' dir='ltr'><strong>dis</strong></span> <span class='ocrx_word' id='word_1_205' title='bbox 2533 2887 2795 2944; x_wconf 82' lang='lat' dir='ltr'><strong>Manibus</strong></span> <span class='ocrx_word' id='word_1_206' title='bbox 2832 2887 2953 2944; x_wconf 89' lang='lat' dir='ltr'><strong>sol-</strong></span> 
     </span>
     <span class='ocr_line' id='line_1_24' title="bbox 637 2977 999 3034; baseline -0.003 -1"><span class='ocrx_word' id='word_1_207' title='bbox 637 2977 927 3034; x_wconf 84' lang='lat' dir='ltr'><strong>verentur.</strong></span> <span class='ocrx_word' id='word_1_208' title='bbox 962 2991 999 3033; x_wconf 88' lang='lat'><strong>&gt;›</strong></span> 
     </span>
    </p>
   </div>
   <div class='ocr_carea' id='block_1_6' title="bbox 632 3184 2954 4225">
    <p class='ocr_par' dir='ltr' id='par_1_6' title="bbox 632 3184 2954 4225">
     <span class='ocr_line' id='line_1_25' title="bbox 711 3184 2951 3266; baseline 0.002 -22"><span class='ocrx_word' id='word_1_209' title='bbox 711 3186 785 3245; x_wconf 91' lang='lat' dir='ltr'><strong>In</strong></span> <span class='ocrx_word' id='word_1_210' title='bbox 824 3184 931 3245; x_wconf 90' lang='lat' dir='ltr'><strong>lib.</strong></span> <span class='ocrx_word' id='word_1_211' title='bbox 973 3187 1058 3246; x_wconf 92' lang='lat' dir='ltr'><strong>VI</strong></span> <span class='ocrx_word' id='word_1_212' title='bbox 1098 3186 1176 3246; x_wconf 90' lang='lat' dir='ltr'><strong>de</strong></span> <span class='ocrx_word' id='word_1_213' title='bbox 1215 3185 1283 3244; x_wconf 90' lang='lat' dir='ltr'><strong>L.</strong></span> <span class='ocrx_word' id='word_1_214' title='bbox 1329 3187 1398 3245; x_wconf 93' lang='lat' dir='ltr'><strong>L.</strong></span> <span class='ocrx_word' id='word_1_215' title='bbox 1447 3185 1526 3246; x_wconf 90' lang='lat' dir='ltr'><strong>ad</strong></span> <span class='ocrx_word' id='word_1_216' title='bbox 1566 3199 1629 3244; x_wconf 91' lang='lat' dir='ltr'><strong>n.</strong></span> <span class='ocrx_word' id='word_1_217' title='bbox 1686 3184 1764 3242; x_wconf 89' lang='lat'><strong>34</strong></span> <span class='ocrx_word' id='word_1_218' title='bbox 1819 3184 1983 3246; x_wconf 86' lang='lat' dir='ltr'><strong>haec</strong></span> <span class='ocrx_word' id='word_1_219' title='bbox 2038 3185 2311 3262; x_wconf 84' lang='lat' dir='ltr'><strong>legimus</strong></span> <span class='ocrx_word' id='word_1_220' title='bbox 2354 3207 2390 3242; x_wconf 81' lang='lat'><strong>«</strong></span> <span class='ocrx_word' id='word_1_221' title='bbox 2433 3187 2621 3247; x_wconf 88' lang='lat' dir='ltr'><strong>Prior</strong></span> <span class='ocrx_word' id='word_1_222' title='bbox 2659 3185 2951 3266; x_wconf 89' lang='lat' dir='ltr'><strong>(mensis)</strong></span> 
     </span>
     <span class='ocr_line' id='line_1_26' title="bbox 636 3282 2952 3360; baseline 0.003 -20"><span class='ocrx_word' id='word_1_223' title='bbox 636 3296 678 3340; x_wconf 90' lang='lat' dir='ltr'><strong>a</strong></span> <span class='ocrx_word' id='word_1_224' title='bbox 715 3282 1004 3359; x_wconf 88' lang='lat' dir='ltr'><strong>principe</strong></span> <span class='ocrx_word' id='word_1_225' title='bbox 1042 3284 1160 3345; x_wconf 89' lang='lat' dir='ltr'><strong>deo</strong></span> <span class='ocrx_word' id='word_1_226' title='bbox 1201 3284 1549 3345; x_wconf 85' lang='lat' dir='ltr'><strong>Ianuarius</strong></span> <span class='ocrx_word' id='word_1_227' title='bbox 1595 3282 1974 3359; x_wconf 83' lang='lat' dir='ltr'><strong>appeliatus;</strong></span> <span class='ocrx_word' id='word_1_228' title='bbox 2019 3284 2354 3360; x_wconf 89' lang='lat' dir='ltr'><strong>posterior,</strong></span> <span class='ocrx_word' id='word_1_229' title='bbox 2393 3284 2469 3346; x_wconf 87' lang='lat' dir='ltr'><strong>ut</strong></span> <span class='ocrx_word' id='word_1_230' title='bbox 2519 3284 2687 3344; x_wconf 90' lang='lat' dir='ltr'><strong>idem</strong></span> <span class='ocrx_word' id='word_1_231' title='bbox 2727 3285 2952 3347; x_wconf 90' lang='lat' dir='ltr'><strong>dicunt</strong></span> 
     </span>
     <span class='ocr_line' id='line_1_27' title="bbox 632 3379 2950 3460; baseline 0.002 -19"><span class='ocrx_word' id='word_1_232' title='bbox 632 3381 996 3456; x_wconf 86' lang='lat' dir='ltr'><strong>scriptores,</strong></span> <span class='ocrx_word' id='word_1_233' title='bbox 1039 3381 1323 3458; x_wconf 86' lang='lat' dir='ltr'><strong>(Fulvius</strong></span> <span class='ocrx_word' id='word_1_234' title='bbox 1365 3381 1431 3443; x_wconf 88' lang='lat' dir='ltr'><strong>et</strong></span> <span class='ocrx_word' id='word_1_235' title='bbox 1471 3379 1718 3458; x_wconf 87' lang='lat' dir='ltr'><strong>Iunius)</strong></span> <span class='ocrx_word' id='word_1_236' title='bbox 1763 3380 1843 3442; x_wconf 93' lang='lat' dir='ltr'><strong>ab</strong></span> <span class='ocrx_word' id='word_1_237' title='bbox 1871 3381 1994 3442; x_wconf 90' lang='lat' dir='ltr'><strong>diis</strong></span> <span class='ocrx_word' id='word_1_238' title='bbox 2035 3380 2263 3442; x_wconf 81' lang='lat' dir='ltr'><strong>inferis</strong></span> <span class='ocrx_word' id='word_1_239' title='bbox 2292 3381 2690 3442; x_wconf 88' lang='lat' dir='ltr'><strong>Februarius</strong></span> <span class='ocrx_word' id='word_1_240' title='bbox 2738 3383 2950 3460; x_wconf 90' lang='lat' dir='ltr'><strong>appel-</strong></span> 
     </span>
     <span class='ocr_line' id='line_1_28' title="bbox 637 3477 2949 3556; baseline 0.003 -21"><span class='ocrx_word' id='word_1_241' title='bbox 637 3480 820 3550; x_wconf 56' lang='lat' dir='ltr'><strong>latus</strong></span> <span class='ocrx_word' id='word_1_242' title='bbox 869 3477 1034 3552; x_wconf 86' lang='lat' dir='ltr'><strong>quod</strong></span> <span class='ocrx_word' id='word_1_243' title='bbox 1085 3478 1227 3538; x_wconf 91' lang='lat' dir='ltr'><strong>tum</strong></span> <span class='ocrx_word' id='word_1_244' title='bbox 1266 3478 1370 3538; x_wconf 87' lang='lat' dir='ltr'><strong>his</strong></span> <span class='ocrx_word' id='word_1_245' title='bbox 1409 3477 1794 3554; x_wconf 90' lang='lat' dir='ltr'><strong>parentetur</strong></span> <span class='ocrx_word' id='word_1_246' title='bbox 1837 3499 1887 3537; x_wconf 82' lang='lat'><strong>».</strong></span> <span class='ocrx_word' id='word_1_247' title='bbox 1935 3479 2055 3539; x_wconf 89' lang='lat' dir='ltr'><strong>Sed</strong></span> <span class='ocrx_word' id='word_1_248' title='bbox 2095 3479 2413 3542; x_wconf 89' lang='lat' dir='ltr'><strong>Varronis</strong></span> <span class='ocrx_word' id='word_1_249' title='bbox 2457 3480 2823 3556; x_wconf 90' lang='lat' dir='ltr'><strong>opinionem</strong></span> <span class='ocrx_word' id='word_1_250' title='bbox 2879 3483 2949 3542; x_wconf 91' lang='lat' dir='ltr'><strong>in</strong></span> 
     </span>
     <span class='ocr_line' id='line_1_29' title="bbox 633 3574 2949 3652; baseline 0.003 -20"><span class='ocrx_word' id='word_1_251' title='bbox 633 3574 1140 3652; x_wconf 60' lang='lat' dir='ltr'><strong>Antiquitatibus</strong></span> <span class='ocrx_word' id='word_1_252' title='bbox 1182 3591 1570 3652; x_wconf 87' lang='lat' dir='ltr'><strong>expressam,</strong></span> <span class='ocrx_word' id='word_1_253' title='bbox 1595 3575 1655 3634; x_wconf 93' lang='lat' dir='ltr'><strong>id</strong></span> <span class='ocrx_word' id='word_1_254' title='bbox 1686 3576 1783 3637; x_wconf 90' lang='lat' dir='ltr'><strong>est</strong></span> <span class='ocrx_word' id='word_1_255' title='bbox 1823 3576 1891 3637; x_wconf 91' lang='lat' dir='ltr'><strong>in</strong></span> <span class='ocrx_word' id='word_1_256' title='bbox 1931 3578 2048 3637; x_wconf 92' lang='lat' dir='ltr'><strong>XV</strong></span> <span class='ocrx_word' id='word_1_257' title='bbox 2074 3579 2223 3638; x_wconf 89' lang='lat' dir='ltr'><strong>Rer.</strong></span> <span class='ocrx_word' id='word_1_258' title='bbox 2253 3580 2463 3651; x_wconf 91' lang='lat' dir='ltr'><strong>Hum.,</strong></span> <span class='ocrx_word' id='word_1_259' title='bbox 2492 3579 2724 3640; x_wconf 90' lang='lat' dir='ltr'><strong>utnon</strong></span> <span class='ocrx_word' id='word_1_260' title='bbox 2754 3579 2949 3640; x_wconf 90' lang='lat' dir='ltr'><strong>semel</strong></span> 
     </span>
     <span class='ocr_line' id='line_1_30' title="bbox 633 3672 2949 3750; baseline 0.003 -18"><span class='ocrx_word' id='word_1_261' title='bbox 633 3672 922 3733; x_wconf 62' lang='lat' dir='ltr'><strong>conicere</strong></span> <span class='ocrx_word' id='word_1_262' title='bbox 966 3688 1163 3734; x_wconf 93' lang='lat' dir='ltr'><strong>ausus</strong></span> <span class='ocrx_word' id='word_1_263' title='bbox 1204 3689 1367 3747; x_wconf 88' lang='lat' dir='ltr'><strong>sum,</strong></span> <span class='ocrx_word' id='word_1_264' title='bbox 1406 3673 1688 3750; x_wconf 87' lang='lat' dir='ltr'><strong>pressius</strong></span> <span class='ocrx_word' id='word_1_265' title='bbox 1731 3672 1797 3734; x_wconf 86' lang='lat' dir='ltr'><strong>et</strong></span> <span class='ocrx_word' id='word_1_266' title='bbox 1835 3673 2079 3735; x_wconf 90' lang='lat' dir='ltr'><strong>clarius</strong></span> <span class='ocrx_word' id='word_1_267' title='bbox 2120 3676 2342 3738; x_wconf 86' lang='lat' dir='ltr'><strong>edocet</strong></span> <span class='ocrx_word' id='word_1_268' title='bbox 2401 3691 2517 3738; x_wconf 91' lang='lat' dir='ltr'><strong>nos</strong></span> <span class='ocrx_word' id='word_1_269' title='bbox 2558 3677 2949 3738; x_wconf 86' lang='lat' dir='ltr'><strong>Censorinus</strong></span> 
     </span>
     <span class='ocr_line' id='line_1_31' title="bbox 637 3770 2954 3849; baseline 0.003 -21"><span class='ocrx_word' id='word_1_270' title='bbox 637 3772 741 3832; x_wconf 71' lang='lat' dir='ltr'><strong>Ino.</strong></span> <span class='ocrx_word' id='word_1_271' title='bbox 785 3771 896 3832; x_wconf 89' lang='lat' dir='ltr'><strong>cit.</strong></span> <span class='ocrx_word' id='word_1_272' title='bbox 939 3771 1035 3832; x_wconf 91' lang='lat' dir='ltr'><strong>ita</strong></span> <span class='ocrx_word' id='word_1_273' title='bbox 1076 3771 1361 3832; x_wconf 90' lang='lat' dir='ltr'><strong>scribens</strong></span> <span class='ocrx_word' id='word_1_274' title='bbox 1405 3792 1440 3827; x_wconf 82' lang='grc'><strong>«</strong></span> <span class='ocrx_word' id='word_1_275' title='bbox 1482 3771 1864 3831; x_wconf 89' lang='lat' dir='ltr'><strong>Ianuarium</strong></span> <span class='ocrx_word' id='word_1_276' title='bbox 1910 3770 1991 3832; x_wconf 91' lang='lat' dir='ltr'><strong>ab</strong></span> <span class='ocrx_word' id='word_1_277' title='bbox 2031 3774 2207 3849; x_wconf 90' lang='lat' dir='ltr'><strong>Iano,</strong></span> <span class='ocrx_word' id='word_1_278' title='bbox 2263 3774 2685 3836; x_wconf 89' lang='lat' dir='ltr'><strong>Februarium</strong></span> <span class='ocrx_word' id='word_1_279' title='bbox 2732 3791 2773 3835; x_wconf 90' lang='lat' dir='ltr'><strong>a</strong></span> <span class='ocrx_word' id='word_1_280' title='bbox 2834 3775 2954 3835; x_wconf 87' lang='lat' dir='ltr'><strong>Fe-</strong></span> 
     </span>
     <span class='ocr_line' id='line_1_32' title="bbox 637 3868 2949 3948; baseline 0.004 -25"><span class='ocrx_word' id='word_1_281' title='bbox 637 3868 808 3930; x_wconf 65' lang='lat' dir='ltr'><strong>bruo.</strong></span> <span class='ocrx_word' id='word_1_282' title='bbox 851 3868 967 3930; x_wconf 88' lang='lat' dir='ltr'><strong>Est</strong></span> <span class='ocrx_word' id='word_1_283' title='bbox 1005 3869 1327 3929; x_wconf 88' lang='lat' dir='ltr'><strong>Februum</strong></span> <span class='ocrx_word' id='word_1_284' title='bbox 1366 3869 1667 3946; x_wconf 89' lang='lat' dir='ltr'><strong>quidquid</strong></span> <span class='ocrx_word' id='word_1_285' title='bbox 1690 3869 1915 3946; x_wconf 82' lang='lat' dir='ltr'><strong>expiat</strong></span> <span class='ocrx_word' id='word_1_286' title='bbox 1941 3871 2299 3948; x_wconf 87' lang='lat' dir='ltr'><strong>purgatque</strong></span> <span class='ocrx_word' id='word_1_287' title='bbox 2328 3892 2383 3932; x_wconf 69' lang='lat'><strong>2».</strong></span> <span class='ocrx_word' id='word_1_288' title='bbox 2414 3871 2584 3932; x_wconf 92' lang='lat' dir='ltr'><strong>Idem</strong></span> <span class='ocrx_word' id='word_1_289' title='bbox 2612 3871 2949 3935; x_wconf 87' lang='lat' dir='ltr'><strong>testantur</strong></span> 
     </span>
     <span class='ocr_line' id='line_1_33' title="bbox 633 3964 2947 4047; baseline 0.003 -24"><span class='ocrx_word' id='word_1_290' title='bbox 633 3967 789 4028; x_wconf 61' lang='lat' dir='ltr'><strong>mid</strong></span> <span class='ocrx_word' id='word_1_291' title='bbox 830 3966 1005 4029; x_wconf 87' lang='lat' dir='ltr'><strong>Fast.</strong></span> <span class='ocrx_word' id='word_1_292' title='bbox 1048 3969 1123 4028; x_wconf 93' lang='lat'><strong>11.</strong></span> <span class='ocrx_word' id='word_1_293' title='bbox 1169 3964 1244 4024; x_wconf 87' lang='grc'><strong>19</strong></span> <span class='ocrx_word' id='word_1_294' title='bbox 1284 3983 1467 4044; x_wconf 69' lang='lat' dir='ltr'><strong>seqq„</strong></span> <span class='ocrx_word' id='word_1_295' title='bbox 1528 3965 1860 4029; x_wconf 88' lang='lat' dir='ltr'><strong>Plutarch.</strong></span> <span class='ocrx_word' id='word_1_296' title='bbox 1904 3969 2092 4030; x_wconf 91' lang='lat' dir='ltr'><strong>Num.</strong></span> <span class='ocrx_word' id='word_1_297' title='bbox 2148 3966 2241 4045; x_wconf 89' lang='lat'><strong>19,</strong></span> <span class='ocrx_word' id='word_1_298' title='bbox 2296 3969 2693 4031; x_wconf 88' lang='lat' dir='ltr'><strong>Laurentius</strong></span> <span class='ocrx_word' id='word_1_299' title='bbox 2732 3971 2947 4047; x_wconf 87' lang='lat' dir='ltr'><strong>Lydus</strong></span> 
     </span>
     <span class='ocr_line' id='line_1_34' title="bbox 641 4063 2945 4144; baseline 0.004 -24"><span class='ocrx_word' id='word_1_300' title='bbox 641 4068 733 4124; x_wconf 63' lang='lat' dir='ltr'><strong>IV.</strong></span> <span class='ocrx_word' id='word_1_301' title='bbox 775 4063 873 4138; x_wconf 82' lang='lat'><strong>20,</strong></span> <span class='ocrx_word' id='word_1_302' title='bbox 916 4066 1143 4127; x_wconf 88' lang='lat' dir='ltr'><strong>Festus</strong></span> <span class='ocrx_word' id='word_1_303' title='bbox 1187 4081 1285 4142; x_wconf 91' lang='lat' dir='ltr'><strong>ap.</strong></span> <span class='ocrx_word' id='word_1_304' title='bbox 1329 4064 1603 4126; x_wconf 90' lang='lat' dir='ltr'><strong>Paulum</strong></span> <span class='ocrx_word' id='word_1_305' title='bbox 1645 4064 1737 4125; x_wconf 89' lang='lat' dir='ltr'><strong>lib</strong></span> <span class='ocrx_word' id='word_1_306' title='bbox 1775 4068 1861 4128; x_wconf 92' lang='lat' dir='ltr'><strong>VI</strong></span> <span class='ocrx_word' id='word_1_307' title='bbox 1914 4083 1971 4144; x_wconf 94' lang='lat' dir='ltr'><strong>p.</strong></span> <span class='ocrx_word' id='word_1_308' title='bbox 2022 4066 2101 4124; x_wconf 89' lang='lat'><strong>85</strong></span> <span class='ocrx_word' id='word_1_309' title='bbox 2154 4067 2367 4129; x_wconf 89' lang='lat' dir='ltr'><strong>Muell.</strong></span> <span class='ocrx_word' id='word_1_310' title='bbox 2412 4069 2477 4131; x_wconf 90' lang='lat' dir='ltr'><strong>et</strong></span> <span class='ocrx_word' id='word_1_311' title='bbox 2521 4069 2635 4130; x_wconf 89' lang='lat' dir='ltr'><strong>alii</strong></span> <span class='ocrx_word' id='word_1_312' title='bbox 2679 4068 2945 4131; x_wconf 88' lang='lat' dir='ltr'><strong>Reatini</strong></span> 
     </span>
     <span class='ocr_line' id='line_1_35' title="bbox 637 4164 1447 4225; baseline 0.004 -5"><span class='ocrx_word' id='word_1_313' title='bbox 637 4164 1078 4225; x_wconf 63' lang='lat' dir='ltr'><strong>doctrinarum</strong></span> <span class='ocrx_word' id='word_1_314' title='bbox 1119 4164 1447 4224; x_wconf 79' lang='lat' dir='ltr'><strong>haeredes,</strong></span> 
     </span>
    </p>
   </div>
   <div class='ocr_carea' id='block_1_7' title="bbox 645 4375 2949 4507">
    <p class='ocr_par' dir='ltr' id='par_1_7' title="bbox 645 4375 2949 4507">
     <span class='ocr_line' id='line_1_36' title="bbox 693 4375 2949 4444; baseline 0.002 -20"><span class='ocrx_word' id='word_1_315' title='bbox 693 4376 725 4424; x_wconf 68' lang='grc' dir='ltr'><strong>Ξ</strong></span> <span class='ocrx_word' id='word_1_316' title='bbox 757 4387 1023 4441; x_wconf 66' lang='lat' dir='ltr'><strong>tanquam</strong></span> <span class='ocrx_word' id='word_1_317' title='bbox 1056 4377 1218 4441; x_wconf 84' lang='lat' dir='ltr'><strong>Lugd.</strong></span> <span class='ocrx_word' id='word_1_318' title='bbox 1256 4382 1308 4425; x_wconf 89' lang='lat' dir='ltr'><strong>et</strong></span> <span class='ocrx_word' id='word_1_319' title='bbox 1339 4382 1458 4425; x_wconf 85' lang='lat' dir='ltr'><strong>vett.</strong></span> <span class='ocrx_word' id='word_1_320' title='bbox 1487 4375 1602 4426; x_wconf 85' lang='lat' dir='ltr'><strong>edd.</strong></span> <span class='ocrx_word' id='word_1_321' title='bbox 1625 4375 1700 4440; x_wconf 79' lang='lat'><strong>113</strong></span> <span class='ocrx_word' id='word_1_322' title='bbox 1729 4378 1925 4440; x_wconf 76' lang='lat' dir='ltr'><strong>futuri</strong></span> <span class='ocrx_word' id='word_1_323' title='bbox 1946 4377 2005 4426; x_wconf 92' lang='lat' dir='ltr'><strong>P:</strong></span> <span class='ocrx_word' id='word_1_324' title='bbox 2039 4379 2333 4441; x_wconf 77' lang='lat' dir='ltr'><strong>principio</strong></span> <span class='ocrx_word' id='word_1_325' title='bbox 2356 4378 2411 4427; x_wconf 89' lang='lat' dir='ltr'><strong>B&#39;</strong></span> <span class='ocrx_word' id='word_1_326' title='bbox 2433 4379 2454 4444; x_wconf 81' lang='lat' dir='ltr'>ss</span> <span class='ocrx_word' id='word_1_327' title='bbox 2476 4378 2507 4428; x_wconf 88' lang='lat'>5</span> <span class='ocrx_word' id='word_1_328' title='bbox 2539 4380 2674 4428; x_wconf 79' lang='lat' dir='ltr'><strong>Diis</strong></span> <span class='ocrx_word' id='word_1_329' title='bbox 2696 4379 2860 4444; x_wconf 81' lang='lat' dir='ltr'><strong>Lugd.</strong></span> <span class='ocrx_word' id='word_1_330' title='bbox 2895 4386 2949 4429; x_wconf 77' lang='lat' dir='ltr'><strong>et</strong></span> 
     </span>
     <span class='ocr_line' id='line_1_37' title="bbox 645 4457 910 4507; baseline 0.011 -3"><span class='ocrx_word' id='word_1_331' title='bbox 645 4468 757 4504; x_wconf 55' lang='lat' dir='ltr'><strong>*rr-tt.</strong></span> <span class='ocrx_word' id='word_1_332' title='bbox 796 4457 910 4507; x_wconf 88' lang='lat' dir='ltr'><strong>edd.</strong></span> 
     </span>
    </p>
   </div>
  </div>
 </body>
</html>
