3334 5192
263 3679 319 3721 10

2619 435 2697 494 31

362 552 426 608 et
460 553 688 609 terram
726 552 902 622 Opem
937 551 1099 607 cuius
1135 565 1243 621 ope
1278 552 1562 607 humanae
1598 552 1757 608 vitae
1792 551 2070 609 alimenta
2103 553 2476 623 quaeruntur,
2514 554 2604 609 vel
2628 553 2700 608 ab

363 654 539 713 opere
562 655 668 712 per
703 641 858 711 quod
891 640 1113 698 fructus
1147 640 1454 711 frugesque
1489 640 1820 697 nascuntur.
1858 658 1892 694 >

444 946 549 1009 Ita
588 947 798 1006 Varro
840 946 1197 1007 Saturnum
1238 946 1305 1007 et
1343 947 1538 1022 Opem
1577 945 2054 1022 interpetratus
2103 946 2201 1008 est
2247 947 2318 1007 in
2359 949 2508 1007 XVI
2547 949 2700 1008 Rer.

362 1045 520 1116 Div.;
561 1059 719 1105 nam
757 1044 825 1103 in
865 1046 934 1104 L.
977 1045 1047 1103 L.
1089 1045 1164 1104 V.
1218 1041 1298 1101 64
1357 1044 1526 1105 haec
1572 1043 1849 1108 resumit
1897 1065 1932 1102 «
1974 1047 2188 1111 Quare
2229 1045 2394 1122 quod
2436 1044 2698 1106 caelum

365 1142 769 1221 principium,
829 1141 910 1203 ab
957 1143 1110 1204 satu
1157 1142 1257 1203 est
1306 1141 1514 1204 dictus
1571 1144 1912 1205 Saturnus.
1960 1177 2041 1186 -
2097 1144 2306 1203 Terra
2354 1144 2495 1220 Ops,
2537 1144 2704 1220 quod

363 1241 471 1302 hic
510 1255 699 1302 omne
737 1256 909 1317 opUS‚
953 1241 1020 1302 et
1059 1240 1185 1300 hac
1223 1256 1380 1317 opus
1413 1240 1495 1301 ad
1522 1241 1869 1302 vivendum
1900 1261 1956 1300 ».
1984 1224 2064 1303 Et
2102 1241 2342 1303 iterum
2385 1242 2533 1303 ibid.
2556 1244 2597 1318 g
2626 1241 2706 1302 57

368 1360 404 1397 ‹
448 1340 788 1416 Principes
830 1339 933 1400 dei
975 1339 1237 1400 Caelum
1280 1339 1348 1401 et
1391 1341 1615 1412 Terra3
1658 1340 1835 1401 Idem
1879 1339 2200 1417 principes
2240 1340 2312 1400 in
2352 1341 2545 1403 Latio
2589 1344 2706 1403 Sa-

370 1439 605 1500 turnus
646 1440 712 1501 et
751 1441 872 1515 Ops
915 1460 971 1498 ›>.
1015 1439 1367 1501 Praeterea
1406 1439 1624 1501 notum
1668 1439 1771 1500 est
1818 1440 2183 1503 Varronem
2237 1441 2506 1503 cunctos
2554 1442 2703 1503 deos

369 1539 450 1599 ad
491 1537 863 1600 naturalem
903 1536 1073 1598 caeli
1118 1553 1197 1599 ac
1235 1539 1456 1600 terrae
1488 1537 2028 1613 significationem
2056 1553 2417 1615 revocasse,
2462 1539 2585 1611 vel,
2630 1540 2704 1602 ut

375 1635 472 1697 ait
509 1635 909 1710 Augustinus
950 1635 1028 1696 de
1068 1635 1194 1696 civ,
1235 1636 1336 1697 dei
1378 1637 1512 1696 VII.
1555 1634 1612 1713 6,
1661 1635 1742 1696 ad
1781 1636 2007 1696 mundi
2045 1639 2282 1712 partes.
2313 1638 2580 1699 Servius
2621 1638 2705 1700 ad

368 1733 548 1809 Virg.
589 1734 816 1809 Georg.
859 1735 906 1793 I.
948 1732 1024 1792 21
1068 1733 1274 1796 refert
1314 1734 1671 1795 Saturnum
1723 1750 1762 1794 a
1817 1734 2071 1796 satione
2111 1734 2359 1795 dictum
2402 1750 2542 1796 esse
2582 1739 2704 1798 Sa-

367 1833 578 1893 torem
621 1830 827 1909 deum,
869 1830 937 1892 et
975 1830 1296 1893 Arnobius
1338 1833 1439 1893 IV.
1481 1829 1522 1888 9
1563 1853 1598 1889 «
1628 1831 1983 1894 Saturnum
2010 1831 2373 1909 praesidem
2401 1833 2637 1894 sativis
2666 1854 2702 1889 »

368 1928 585 1992 vocat.

431 2142 458 2189 1
493 2143 706 2192 oaelwm
736 2150 786 2190 et
821 2151 1032 2191 terram
1063 2140 1229 2207 Lugd.
1270 2149 1322 2191 et
1350 2141 1421 2191 al.
1453 2141 1567 2193 edd.
1590 2141 1664 2206 [12
1689 2156 2032 2205 persuasum
2063 2150 2140 2192 est
2169 2142 2230 2193 P.
2266 2142 2422 2193 Ianus
2455 2141 2620 2207 Lugd.
2653 2149 2704 2192 et

367 2229 489 2273 vett.
526 2223 646 2273 edd.

1448 2530 1624 2609 XV.

1278 2687 1356 2758 (Ι.
1395 2687 1492 2742 11.
1518 2684 1554 2741 3
1592 2685 1779 2756 seqq.)

438 2880 474 2922 «
507 2869 664 2922 Anno
702 2868 837 2936 post
861 2867 1109 2921 Romam
1132 2865 1425 2921 conditam
1451 2865 2017 2935 quadringentesimo
2044 2866 2468 2936 septuagesimo
2494 2867 2703 2936 quarto

370 2956 685 3012 Autronius
735 2954 966 3024 quidam
1021 2953 1310 3010 Maximus
1365 2968 1600 3010 servum
1657 2969 1824 3010 suum
1894 2955 2269 3010 verberatum
2336 2955 2705 3026 patibuloque

369 3045 750 3101 constrictum
786 3044 922 3100 ante
970 3043 1251 3115 spetaculi
1304 3043 1769 3098 commissionem
1823 3057 1928 3113 per
1977 3043 2195 3098 circum
2244 3045 2382 3114 egit:
2420 3044 2494 3099 ob
2529 3059 2705 3114 quam

369 3148 605 3190 causam
640 3133 972 3203 indignatus
1023 3133 1281 3203 Iuppiter
1322 3131 1502 3186 Annio
1556 3131 1784 3187 cuidam
1838 3144 1945 3201 per
1997 3132 2250 3200 quietem
2286 3133 2603 3203 imperavit
2637 3135 2704 3190 ut

369 3224 596 3280 senatui
635 3223 930 3278 nuntiaret
964 3238 1077 3279 non
1101 3221 1212 3277 sibi
1247 3222 1538 3292 placuisse
1561 3220 1794 3291 plenum
1829 3220 2197 3277 crudelitatis
2220 3221 2557 3278 admissum.
2596 3238 2706 3292 quo

369 3311 769 3369 dissimulante
812 3310 995 3366 filium
1018 3310 1204 3381 ipsius
1239 3324 1402 3367 mors
1437 3310 1739 3380 repentina
1752 3310 2120 3380 ‚consumpsit
2142 3324 2211 3366 ac
2236 3312 2373 3381 post
2398 3312 2706 3368 secundam

368 3401 601 3460 denunti
640 3402 859 3457 tionem
882 3399 956 3455 ob
991 3399 1232 3455 eandem
1268 3398 1689 3469 neglegentiam
1726 3398 1850 3469 ipse
1886 3413 2107 3468 quoque
2134 3399 2196 3456 in
2221 3398 2474 3456 subitam
2499 3413 2706 3471 corpo-

367 3492 456 3549 ris
490 3490 599 3547 deb
625 3490 851 3546 litatem
890 3488 1115 3545 solutus
1152 3484 1276 3544 est.
1328 3488 1411 3544 sic
1447 3487 1681 3543 demum
1717 3503 1792 3547 ex
1826 3487 2067 3544 consilio
2122 3489 2445 3545 amicorum
2502 3489 2707 3545 lectica

368 3556 603 3656 delatus*
632 3579 855 3635 senatui
901 3577 1107 3633 retulit
1153 3578 1213 3633 et
1261 3577 1362 3633 vix
1403 3577 1805 3632 consummato
1854 3591 2122 3634 sermone
2177 3579 2296 3635 sine
2332 3593 2500 3635 mora
2535 3593 2706 3634 recu-

2762 3222 2801 3276 4

369 3657 575 3740 perata
609 3667 757 3725 bona
791 3667 1111 3747 valitudine
1145 3668 1310 3723 curia
1345 3666 1587 3736 pedibus
1635 3680 1909 3737 egressus
1962 3666 2070 3722 est.
2107 3682 2180 3722 ex
2224 3667 2458 3724 senatus
2512 3667 2709 3737 itaque
2762 3668 2799 3723 5

369 3757 631 3814 consulto
666 3758 728 3813 et
762 3757 991 3813 Maenia
1025 3757 1153 3826 lege
1187 3756 1261 3812 ad
1297 3755 1735 3826 propitiandum
1770 3758 1964 3811 Iovem
2001 3755 2236 3813 additus
2279 3757 2369 3812 est
2417 3756 2536 3811 illis
2573 3758 2706 3812 Cir-

367 3845 628 3903 censibus
664 3846 788 3902 dies
812 3846 974 3915 isque
1009 3844 1445 3902 instauraticius
1484 3844 1677 3901 dictus
1711 3846 1806 3901 est
1838 3860 1953 3901 non
1988 3860 2024 3901 a
2047 3845 2329 3916 patibulo,
2366 3845 2435 3900 ut
2467 3844 2704 3914 quidam

365 3934 577 4005 putant
600 3936 816 3991 Graeco
852 3934 1082 3992 nomine
1117 3933 1252 3992 ἀπὸ·
1271 3936 1370 3992 τοῦ
1410 3935 1661 4009 σταυροῦ,
1704 3934 1804 3990 sed
1828 3949 1866 3989 a
1907 3933 2422 4004 redintegratione,
2449 3934 2514 3989 ut
2549 3935 2704 3990 Var-

364 4023 494 4079 roni
529 4023 740 4094 placet,
774 4024 871 4093 qui
906 4024 1240 4080 instaurare
1273 4024 1360 4079 ait
1395 4036 1524 4080 esse
1559 4023 1752 4079 instar
1788 4037 2023 4080 novare.
2063 4037 2100 4079 »

446 4301 522 4361 In
562 4301 699 4378 Bip.
741 4300 835 4360 ed.
878 4318 934 4377 p.
958 4300 1074 4360 371
1105 4301 1268 4363 haec
1296 4299 1557 4364 tantum
1581 4301 1937 4363 servantur
1965 4323 2001 4357 ‹<
2034 4300 2539 4362 instauraticius
2571 4300 2704 4360 dies

363 4396 578 4459 dictus
619 4399 720 4460 est
764 4413 804 4458 a
845 4398 1421 4476 redintegratione,
1466 4401 1541 4462 ut
1581 4401 1871 4462 Varroni
1910 4400 2126 4478 placet
2147 4421 2183 4458 »
2212 4401 2334 4462 etc.
2358 4399 2481 4460 Sed
2522 4399 2705 4477 inep-

366 4495 509 4557 tum
550 4498 648 4559 est
693 4513 772 4558 ac
822 4496 1067 4559 falsum
1096 4500 1357 4575 opinari
1397 4501 1760 4561 Varronem
1789 4499 1865 4560 de
1905 4498 2367 4561 instauraticio
2397 4498 2501 4559 die
2526 4497 2704 4559 locu-
