3334 5192
641 413 722 470 46

636 543 788 590 cum
828 527 907 588 de
961 526 1145 588 feriis
1205 527 1600 605 conceptivis
1664 527 1966 604 loquitur.
2027 530 2199 590 Nam
2261 529 2333 590 in
2374 531 2444 590 L.
2493 531 2563 590 L.
2605 530 2708 591 VI.
2750 528 2835 589 25
2873 530 2974 592 ita

638 625 864 687 scribit
917 644 952 681 α
993 626 1356 693 Quotannis
1409 626 1468 685 is
1522 625 1658 687 dies
1716 626 2149 705 (compitalia)
2205 626 2590 704 concipitur.
2653 627 2972 691 Similiter

640 723 921 784 Latinae
961 724 1165 785 feriae
1205 724 1342 784 dies
1384 725 1798 801 conceptivus
1837 725 2114 787 dictusa
2142 727 2399 789 Latinis
2429 726 2699 803 popufiS,
2741 728 2973 811 quibus

640 836 724 883 ex
762 821 1011 883 Albano
1054 824 1271 885 monte
1311 840 1396 884 ex
1437 823 1643 884 sacris
1685 839 1949 885 carnem
1993 825 2210 901 petere
2253 824 2378 887 fuit
2418 826 2520 886 ius
2559 840 2706 886 cum
2737 829 2974 888 Roma-

639 921 758 993 nis,
806 936 846 981 a
885 921 1117 998 quibus
1158 921 1420 983 Latinis
1474 921 1757 984 Latinae
1813 921 2028 984 dictae
2072 943 2125 982 ».
2182 923 2442 985 Latinis
2496 923 2680 985 seriis
2734 923 2972 985 bellum

639 1020 934 1081 inchoari
964 1037 1093 1081 non
1122 1020 1389 1082 licuisse
1416 1020 1704 1083 testatur
1730 1036 1976 1098 quoque
2005 1022 2353 1098 Dionysius
2375 1021 2519 1083 Hal.
2545 1024 2617 1083 A.
2646 1025 2723 1084 R.
2753 1025 2856 1085 IV.
2877 1022 2972 1084 49.

640 1119 834 1180 Circa
887 1119 1201 1180 mundum
1257 1118 1591 1196 patentem
1645 1118 2155 1181 vide-Plutarch.
2196 1119 2270 1181 in
2309 1123 2491 1182 Rom.
2530 1119 2631 1209 Il,
2675 1122 2971 1183 Servium

638 1219 795 1278 Aen.
839 1218 946 1278 III.
977 1216 1108 1294 134,
1153 1217 1415 1278 Festum
1459 1220 1609 1279 XIII
1649 1234 1707 1295 p.
1753 1215 1867 1276 154
1927 1233 2096 1295 seqq.
2154 1217 2367 1283 Muell.
2411 1220 2653 1281 Patens
2697 1221 2972 1281 mundus

638 1315 978 1379 dicebatur
1020 1315 1194 1378 fossa
1243 1331 1361 1377 seu
1424 1331 1546 1377 ara
1599 1317 1867 1379 deorum
1926 1315 2304 1378 inferorum.
2353 1319 2532 1378 Haec
2574 1319 2783 1379 Varro
2821 1332 2976 1395 pro-

639 1413 946 1477 babiliter
985 1414 1056 1475 in
1094 1415 1243 1475 VIII
1284 1417 1430 1476 Rer.
1473 1415 1613 1475 Div.
1663 1416 1977 1491 exposuiss
2039 1414 2143 1475 vel
2205 1414 2421 1492 potius
2487 1417 2557 1477 in
2596 1417 2764 1477 XIV.
2823 1419 2971 1478 Rer.

639 1513 824 1572 Hum.
865 1511 942 1575 de
983 1511 1224 1573 diebuS.
2506 1496 2516 1509 ⁴
2989 1497 2997 1504 ’

702 1663 729 1710 1
763 1662 999 1727 sollepne
1029 1663 1073 1712 P
1096 1662 1168 1727 113
1199 1663 1347 1726 quod
1368 1664 1589 1726 publice
1610 1663 1669 1712 B:
1715 1665 1981 1714 induciae
2013 1663 2169 1714 Ianus
2206 1670 2257 1712 et
2292 1663 2454 1727 aliqq.
2506 1662 2622 1712 edd.
2646 1659 2719 1727 116
2754 1673 2973 1728 potente

639 1743 695 1790 B'
715 1743 736 1807 ΙΙ
757 1744 790 1791 7
812 1744 1066 1806 platonis
1097 1744 1158 1792 B'
1178 1744 1200 1808 ΙΙ
1222 1743 1282 1793 10
1314 1744 1574 1793 deleotwm
1605 1744 1770 1809 Lugd.
1816 1750 1867 1793 et
1908 1750 2028 1793 vett.
2057 1743 2192 1793 edd.:
2239 1757 2439 1793 navem
2486 1744 2660 1804 Ianus,
2698 1743 2860 1809 Lugd.
2920 1751 2971 1793 et

641 1830 761 1874 vett.
796 1824 917 1875 edd.

1683 2101 1938 2183 XXX.

1626 2241 1703 2310 (ι.
1749 2241 1844 2298 16.
1884 2240 1979 2311 19)

711 2433 742 2468 ι
778 2414 1057 2472 vitabant
1093 2415 1325 2473 veteres
1359 2414 1436 2470 ad
1487 2412 1650 2468 viros
1689 2412 1978 2469 vocandos
2018 2412 2198 2469 etiem
2245 2412 2369 2469 dies
2415 2411 2512 2480 qui
2556 2411 2751 2467 essent
2785 2409 2971 2468 notati
3029 2403 3110 2456 19

639 2503 814 2560 rebus
849 2502 1136 2575 adversis,
1175 2502 1442 2558 vitabant
1481 2501 1662 2557 etiam
1718 2500 1879 2556 feriis
1927 2501 2079 2557 siout
2127 2503 2320 2556 Varro
2366 2501 2426 2557 in
2472 2502 2772 2571 Augurum
2806 2499 2970 2555 libris

640 2592 846 2650 scribit
879 2593 939 2648 in
975 2592 1117 2648 haec
1152 2590 1350 2648 verba:
1386 2591 1550 2646 viros
1588 2604 1799 2646 vocare
1819 2590 1984 2647 feriis
2021 2606 2132 2647 non
2180 2589 2430 2661 oportet:
2470 2589 2519 2645 si
2559 2589 2809 2659 vocavit,
2846 2589 2972 2660 pia-

639 2683 833 2739 culum
869 2682 1016 2739 esto.
1054 2697 1085 2733 ›

720 2892 794 2951 In
835 2890 973 2967 Bip.
1017 2889 1112 2951 ed.
1154 2906 1215 2966 p.
1257 2887 1377 2946 234
1419 2887 1732 2965 leguntur
1771 2887 1973 2949 verba
2014 2907 2049 2945 ‹<
2090 2887 2266 2950 viros
2300 2902 2539 2950 vocare
2568 2904 2605 2946 »
2645 2886 2769 2949 etc.
2811 2887 2972 2948 Heio

642 2988 864 3050 autem
906 2987 1328 3064 corrigendus
1368 2987 1467 3049 est
1506 3002 1691 3047 error
1732 2984 2048 3047 Macrobii
2088 2985 2201 3062 qui
2260 2984 2479 3062 plures
2519 2987 2857 3061 Augurum
2897 2985 2971 3045 li-

638 3086 786 3149 bros
826 3087 1109 3148 Varroni
1150 3085 1400 3155 tribuit,
1445 3101 1642 3161 quum
1685 3086 1919 3147 contra
1957 3084 2185 3146 notum
2226 3084 2316 3145 sit
2370 3100 2690 3160 augurum
2732 3083 2972 3146 librum

638 3186 902 3245 unicum
944 3184 1146 3247 fuisse
1188 3183 1255 3245 et
1296 3187 1444 3246 Rer.
1487 3184 1623 3245 Div.
1669 3183 1962 3245 tertium.
1992 3182 2121 3245 Cfr.
2150 3183 2417 3244 Merkel.
2452 3184 2533 3244 ad
2573 3184 2752 3246 Ovid.
2795 3184 2969 3246 Fast.

641 3300 697 3360 p.
741 3283 925 3359 CXV,
969 3282 1035 3343 et
1073 3281 1380 3344 Ritschel.
1423 3299 1518 3361 op.
1560 3299 1640 3358 op
1681 3281 1773 3345 cit
1814 3298 1878 3358 p.
1913 3279 2050 3341 375.
2096 3301 2131 3339 ‹<
2171 3283 2364 3343 ‘Viros
2402 3282 2644 3359 vocari,
2692 3283 2790 3345 ait
2830 3283 2973 3344 Ser-

636 3381 788 3442 vius
827 3383 986 3441 Aen.
1029 3384 1107 3442 X.
1148 3379 1284 3458 241,
1329 3379 1659 3456 significat
1699 3396 1806 3443 eos
1846 3381 1954 3458 qui
1994 3379 2389 3443 necessitate
2430 3381 2501 3440 in
2542 3378 2796 3452 bellum,
2841 3395 2971 3441 non

638 3476 975 3540 voluntate
1017 3478 1415 3540 conveniunt
1455 3498 1510 3538 1».
1553 3478 1701 3538 Dies
1741 3478 1846 3556 qui
1888 3479 2105 3541 essent
2153 3478 2368 3540 notati
2423 3476 2616 3538 rebus
2683 3477 2973 3539 adversis

639 3575 1026 3639 dicebantur
1068 3577 1199 3639 atri
1242 3576 1307 3637 et
1348 3575 1654 3653 religiosi.
1698 3576 1827 3638 Gfr.
1870 3577 2071 3638 etiam
2111 3575 2387 3637 Gellium
2429 3577 2598 3636 XIII.
2644 3576 2737 3635 14.

704 3767 730 3814 1
764 3769 1033 3817 nontoenti
1065 3767 1204 3833 13113
1234 3769 1470 3832 scripsit
1489 3768 1532 3817 B
1554 3774 1608 3818 et
1628 3768 1792 3834 aliqq.
1823 3769 1958 3819 edd.:
1991 3769 2217 3819 vacabit
2246 3769 2384 3834 13114
2415 3778 2495 3819 est
2524 3770 2570 3819 P
2591 3776 2644 3820 et
2657 3769 2820 3835 aliqq.
2856 3770 2970 3820 edd.

1667 4061 1947 4139 XXXI.

1551 4214 1629 4279 (Ι.
1669 4215 1766 4272 16.
1803 4216 1880 4271 26
1915 4212 2066 4285 seq.)

707 4406 744 4448 ‹<
777 4392 925 4449 Ante
960 4393 1116 4450 diem
1152 4406 1374 4463 quoque
1407 4391 1681 4463 quartum
1715 4391 2004 4450 Kalendas
2041 4393 2135 4449 vel
2169 4395 2363 4451 Nonas
2399 4394 2494 4451 vel
2514 4393 2647 4452 Idus
2671 4395 2972 4464 tamquam
3033 4395 3124 4451 26

636 4479 1009 4538 inominalem
1044 4481 1200 4539 diem*
1234 4481 1493 4567 plerique
1538 4481 1748 4539 vitant.
1804 4482 1930 4539 eIus
1980 4481 2409 4540 observationis
2463 4498 2539 4540 an
2589 4482 2797 4555 religio
2821 4526 2830 4531 .
2850 4483 2971 4541 ulla
