3334 5192
233 3220 284 3263 10

331 528 591 590 παλαιὸν
630 527 688 588 ἐν
727 528 856 594 ταῖς
897 522 1110 604 ‘copretis
1150 523 1297 588 οὐδὲν
1345 525 1659 615 ᾠκονόμουν
1700 523 1818 587 οὐδὲ
1880 526 2211 605 ἐφρόντιζον
2262 525 2435 585 ἀλλὰ
2471 525 2521 596 ff
2548 523 2672 603 περέ

332 629 454 696 τούς
477 628 633 696 θεοὺς
659 626 1051 708 ἠσχολοῦντο,
1082 627 1186 686 καὶ
1225 629 1391 687 τοῦτο
1419 625 1727 704 ἔπραττον,
1755 619 1937 702 ὥσπερ
1963 624 2050 689 ’ἔτι
2088 630 2180 686 νῦν
2206 623 2674 703 προκηρύττουσιν

332 725 382 788 οῗι
428 722 579 805 ἱερεῖς
621 728 744 790 etc.
789 749 825 786 »
868 728 953 789 Et
993 728 1261 789 Servius
1306 728 1387 788 ad
1427 729 1657 805 Georg,
1701 730 1748 789 Ι.
1790 725 1912 785 268
1953 749 1988 785 <e
2032 727 2197 789 Sunt
2225 727 2400 787 enim
2432 726 2667 804 aliqua,

332 843 502 907 quae
542 828 602 888 si
642 826 830 888 festis
871 825 1096 887 diebus
1136 825 1322 899 fiant,
1362 825 1569 887 ferias
1610 824 1928 903 polluant:
1970 824 2365 902 quapropter
2411 823 2479 884 et
2519 838 2674 900 pon-

329 930 540 991 tifices
583 926 1027 989 sacrificaturi
1068 924 1494 1002 praemittere
1535 924 1864 987 calatores
1906 938 2052 986 suos
2076 924 2303 999 solent,
2344 923 2423 983 ut
2464 921 2674 983 sicubi

331 1010 621 1091 viderint
662 1026 918 1104 opifices
964 1025 1335 1087 adsidentes
1376 1041 1528 1102 opus
1557 1038 1747 1085 suum
1780 1021 2168 1101 prohibeant
2194 1019 2300 1081 etc
2341 1041 2396 1080 ›.
2431 1020 2674 1081 Eadem

330 1127 532 1190 habet
572 1126 805 1208 Festus
851 1140 948 1202 ap.
992 1122 1276 1185 Paulum
1314 1122 1464 1183 XIV
1504 1139 1561 1199 p.
1623 1120 1743 1180 224
1790 1120 2007 1182 Muell.
2049 1119 2162 1182 ubi
2218 1118 2517 1196 praecias
2557 1133 2673 1178 seu

331 1240 683 1305 praecones
729 1240 769 1285 a
807 1221 1187 1307 flaminibus
1227 1222 1617 1298 praemissos
1659 1220 1997 1282 memorat.

396 1453 422 1500 1
456 1453 826 1517 Affirmabcmt
857 1453 1024 1517 Lugd.
1051 1459 1102 1501 et
1133 1459 1253 1502 vett.
1279 1451 1416 1502 edd.:
1457 1453 1522 1501 ἰη
1548 1453 1783 1501 indictis
1815 1451 1981 1516 Lugd.
1999 1459 2051 1500 et
2080 1451 2244 1515 aliqq.
2278 1450 2394 1500 edd.
2415 1448 2439 1515 Π
2461 1448 2492 1496 3
2515 1458 2680 1512 ptore

333 1535 786 1583 denunciabatur
819 1533 957 1597 P114
988 1534 1267 1597 ›neyliyens
1300 1532 1467 1596 Lugd.
1505 1537 1556 1580 et
1588 1538 1710 1581 vett.
1747 1531 1865 1581 edd.
1901 1532 2277 1581 mulctabatur
2298 1536 2349 1579 et
2370 1529 2508 1579 infra
2527 1529 2678 1578 mut-

334 1623 477 1663 atam
509 1614 673 1678 Lugd.
727 1619 777 1662 et
807 1620 909 1662 vet.
962 1614 1076 1662 edd.
1102 1613 1175 1676 115
1208 1612 1594 1676 affirmabatur
1641 1612 1686 1661 P
1729 1611 1895 1676 Lugd.
1941 1618 1993 1661 et
2039 1611 2109 1660 al.
2156 1611 2291 1661 edd.:
2346 1610 2677 1673 imprudens
2723 1661 2730 1667 ,

332 1693 497 1759 Lugd.
534 1702 587 1744 et
617 1700 712 1744 cet.
744 1694 860 1744 edd.
899 1695 972 1759 116
1001 1695 1135 1743 dari
1166 1693 1303 1757 13117
1339 1693 1684 1743 asseverabat
1713 1691 1878 1756 aliqq.
1909 1690 2056 1740 MSS.
2094 1691 2259 1755 Lugd.
2296 1696 2349 1739 et
2377 1693 2497 1739 cett.
2541 1688 2662 1738 edd.

1361 2060 1655 2140 XXIX.

1231 2226 1308 2295 (Ι.
1348 2227 1445 2283 16.
1486 2227 1560 2281 16
1602 2226 1795 2295 seqq.)

410 2421 440 2455 «
479 2405 624 2459 Cum
668 2403 884 2470 Latiar,
920 2403 1030 2459 hoc
1063 2405 1157 2460 est
1192 2403 1533 2461 Latinarum
1573 2403 1869 2474 sollemne,
1906 2403 2247 2474 concipitur,
2298 2402 2439 2459 item
2477 2401 2678 2458 diebus

337 2492 834 2564 saturnaliorum,
874 2493 974 2549 sed
1012 2493 1074 2549 et
1109 2507 1239 2550 cum
1276 2494 1524 2550 mundus
1559 2492 1745 2563 patet,
1788 2493 1948 2549 nefas
1983 2494 2075 2549 est
2109 2492 2393 2563 proelium
2431 2505 2678 2548 sumere:

335 2583 476 2653 quia
512 2598 614 2639 nec
650 2584 995 2640 Latinarum
1032 2584 1318 2655 tempore,
1355 2598 1464 2652 quo
1501 2582 1725 2654 publice
1760 2582 2046 2652 quondam
2081 2582 2341 2638 indutiae
2386 2581 2541 2637 inter
2574 2595 2680 2651 po-

337 2672 543 2742 pulum
580 2673 907 2728 Romanum
946 2672 1293 2741 Latinosque
1328 2672 1599 2728 firmatae
1635 2671 1790 2738 sunt,
1848 2671 2105 2728 inchoari
2152 2671 2366 2727 bellum
2417 2669 2677 2740 decebat,

336 2776 439 2818 nec
473 2761 707 2818 Saturni
746 2761 918 2831 fest0,
944 2762 1043 2830 qui
1079 2762 1201 2818 sine
1224 2760 1344 2816 ullo
1369 2762 1626 2818 tumulto
1662 2758 1869 2817 bellico
1906 2760 2165 2816 creditur
2199 2761 2541 2831 imperasse,
2576 2772 2680 2814 nec

332 2850 577 2923 patente
634 2851 867 2922 mund0‚
908 2851 1060 2920 quod
1098 2865 1328 2907 sacrum
1365 2850 1483 2907 Diti
1535 2851 1695 2922 patri
1733 2852 1794 2907 et
1842 2850 2226 2920 Proserpinae
2274 2848 2532 2905 dicatum
2569 2847 2676 2903 est.

333 2939 649 3009 meliusque
684 2940 914 2996 occlusa
950 2940 1214 2996 Plutonis
1237 2940 1397 2996 fauce
1419 2939 1667 2996 eundum
1694 2939 1769 2996 ad
1793 2939 2078 3011 proelium
2121 2937 2494 3009 putaverunt.
2530 2937 2679 2992 unde

336 3029 528 3084 Varro
565 3029 653 3084 ita
690 3029 912 3085 scribit:
951 3030 1200 3086 mundus
1233 3045 1365 3086 cum
1412 3029 1598 3101 patet,
1625 3029 1871 3085 deorum
1917 3029 2183 3085 tristium
2220 3027 2394 3097 atque
2429 3026 2679 3083 inferum

336 3119 500 3189 quasi
535 3118 709 3175 ianua
741 3119 922 3190 patet.
960 3118 1343 3191 proptererea
1392 3135 1502 3176 non
1557 3119 1731 3174 modo
1777 3117 2069 3191 praelium
2120 3116 2433 3185 committi,
2476 3129 2678 3171 verum

336 3209 517 3265 etiam
553 3208 828 3265 dilectum
866 3210 953 3264 rei
992 3209 1271 3265 militaris
1294 3224 1472 3265 causa
1513 3207 1729 3264 habere
1764 3223 1833 3263 ac
1857 3208 2105 3264 militem
2131 3206 2441 3279 proficisci,
2477 3205 2677 3261 navim

338 3298 582 3367 solvere,
619 3313 862 3355 uxorem
900 3298 1148 3354 liberum
1184 3298 1647 3368 quaerendorum
1683 3312 1860 3353 causa
1883 3297 2091 3354 ducere
2133 3296 2471 3366 religiosum
2509 3294 2618 3351 est.
2641 3288 2677 3350 >5

416 3587 493 3647 In
531 3585 669 3663 Bip.
728 3586 825 3647 ed.
880 3602 939 3661 p,
1003 3583 1124 3643 372
1163 3584 1531 3647 servantur
1572 3584 2026 3647 tantummodo
2078 3584 2279 3647 verba
2338 3583 2682 3666 VarroniS,

336 3701 503 3763 quae
544 3686 640 3748 sic
680 3670 1009 3763 incipiunt
1047 3706 1083 3743 ‹<
1114 3684 1394 3745 mundus
1423 3699 1572 3746 cum
1605 3684 1808 3761 patet,
1851 3684 2116 3744 deorum
2155 3682 2448 3745 tristium
2491 3681 2612 3743 etc.
2641 3702 2676 3738 »

336 3781 654 3844 Credibile
699 3784 920 3846 autem
965 3799 1096 3845 non
1140 3780 1241 3844 est
1282 3782 1532 3845 ceteros
1573 3782 1710 3843 dies
1753 3781 1952 3844 festos
1991 3781 2064 3841 in
2089 3768 2319 3858 quibus
2356 3778 2676 3859 proelium

335 3894 590 3942 sumere
628 3881 819 3943 nefas
878 3881 1069 3959 esset,
1130 3880 1590 3958 praeterquam
1649 3895 1757 3942 eos
1809 3880 1922 3957 qui
1977 3899 2013 3937 α
2054 3878 2321 3956 patente
2359 3877 2598 3939 mundo
2639 3895 2679 3938 ν

336 3980 618 4042 celebres
659 3981 874 4058 erant,
915 3996 1049 4043 non
1092 3980 1293 4041 fuisse
1336 3977 1533 4040 simul
1580 3994 1620 4039 a
1657 3980 1955 4040 Varrone
2000 3977 2372 4040 recensitos
2403 3975 2678 4039 Contra-

335 4079 506 4141 rium
548 4080 723 4141 enim
766 4081 996 4143 suadet
1037 4079 1198 4141 mihi
1240 4077 1610 4140 Macrobius
1652 4078 1805 4155 ipse,
1849 4076 1961 4154 qui
2003 4076 2280 4138 Latinas
2321 4073 2521 4136 ferias
2562 4075 2681 4134 Sa-

334 4178 631 4241 turnalia
670 4178 739 4241 et
776 4178 1107 4256 patentem
1169 4176 1480 4239 mundum
1534 4175 1741 4238 veluti
1805 4175 2106 4252 tempora
2151 4173 2438 4235 eiusdem
2480 4171 2680 4235 notae

333 4278 683 4354 eademque
724 4275 1145 4339 observantia
1186 4273 1535 4337 recolenda
1577 4274 1773 4335 simul
1814 4273 2015 4351 ponit.
2044 4271 2385 4334 Firmatur
2430 4284 2681 4348 quoque

332 4374 547 4452 opinio
588 4389 738 4436 mea
778 4372 976 4435 verbo
1019 4395 1054 4430 α
1095 4373 1463 4452 concipitur
1504 4392 1541 4430 »
1581 4373 1749 4451 quod
1788 4371 2156 4435 Macrobius
2200 4369 2480 4446 adhibet,
2524 4382 2672 4431 cum

330 4472 719 4538 Latinarum
760 4470 1106 4535 sollemnia
1145 4472 1625 4546 commemorat,
1667 4471 1737 4535 et
1775 4488 1900 4549 quo
1940 4471 2144 4534 etiam
2187 4469 2402 4533 utitur
2441 4469 2678 4540 Varro,

2732 2403 2806 2458 16

2734 2582 2812 2638 17

2734 2937 2813 2992 18
