3334 5192
2608 397 2692 467 a*

369 520 601 577 Herculi
641 513 775 577 cu'm
817 519 995 578 boves
1018 521 1301 593 Geryonis
1318 532 1427 593 per
1446 534 1627 592 agros
1639 521 1846 579 Italiae
1867 520 2122 591 duceret,
2147 520 2369 578 sitienti
2391 512 2694 593 respondit

365 610 578 667 mulier
611 624 821 680 aquam
859 624 923 667 se
954 625 1067 667 non
1101 625 1272 681 posse
1310 614 1638 681 praestare,
1686 609 1838 680 quod
1881 610 2224 667 feminarum
2260 611 2400 667 deae
2434 611 2691 669 celebra-

368 700 536 758 retur
589 700 713 757 dies
749 715 850 757 nec
901 714 976 756 ex
1026 714 1093 756 eo
1129 692 1418 771 apparatu
1454 700 1603 756 viris
1637 700 1879 771 gustare
1929 700 2016 756 fas
2050 700 2220 758 esset.
2256 701 2501 772 propter
2543 696 2694 771 quod

372 790 647 847 Hercules
695 789 953 847 facturus
999 803 1230 846 sacrum
1280 789 1605 846 detestatus
1649 790 1741 846 est
1789 789 2180 859 praesentiam
2233 788 2575 846 feminarum
2629 786 2694 849 et

265 893 319 937 10
368 879 586 936 Potitio
622 893 690 935 ac
736 879 966 935 Pinario
1003 893 1305 936 sacrorum
1350 878 1686 936 custodibus
1732 879 1904 935 iussit
1950 895 2021 935 ne
2063 879 2367 936 mulierem
2414 881 2695 938 interesse

371 964 799 1039 permitterent.
837 985 869 1021 >

1204 1092 1451 1099 ——w
1460 1093 1736 1099 -———-—...—.

451 1212 736 1275 Exstant
759 1213 924 1273 haec
948 1212 1289 1289 partimin
1319 1211 1666 1274 Lactantio
1691 1214 1736 1272 Ι.
1764 1209 1859 1271 22.
1903 1210 1995 1284 10,
2025 1215 2202 1274 Serv.
2234 1212 2316 1273 ad
2341 1214 2500 1273 Aen.
2529 1208 2695 1273 VIII.

375 1310 514 1385 314,-
556 1310 889 1374 Plutarch.
929 1313 998 1379 Q.
1039 1313 1115 1371 R.
1164 1309 1267 1385 60,
1328 1310 1711 1373 Tertullian.
1776 1311 1855 1372 ad
1917 1309 2054 1372 nat.
2097 1308 2165 1371 Π.
2206 1307 2248 1367 9
2286 1308 2430 1383 etc.;
2472 1311 2582 1372 sed
2623 1310 2695 1372 in

380 1408 630 1487 Bipont.
672 1408 767 1470 ed.
810 1425 869 1486 p.
909 1407 1029 1468 357
1087 1408 1196 1470 hic
1234 1408 1414 1470 locus
1471 1424 1672 1486 usque
1735 1408 1817 1470 ad
1872 1408 2137 1471 verbum
2180 1428 2218 1465 «
2258 1407 2620 1485 ingreditur
2660 1423 2696 1465 >v

377 1508 742 1585 exscriptus
763 1506 881 1582 est,
911 1518 988 1568 eo
1014 1506 1254 1568 reiecto
1292 1506 1456 1584 quod
1486 1506 1725 1570 attinet
1754 1507 1833 1568 ad
1862 1506 2168 1570 mulieres
2202 1506 2283 1569 ab
2310 1523 2497 1569 sacro
2539 1511 2698 1569 Her*²

377 1607 542 1668 culis
583 1604 1029 1684 prohibendas.
1070 1604 1267 1682 Atqui
1308 1621 1463 1682 pars
1499 1605 1665 1668 haec
1718 1605 2036 1683 posterior
2076 1604 2175 1668 ita
2213 1607 2417 1684 priori
2460 1606 2700 1668 aduae-

377 1707 496 1781 ret,
539 1704 615 1767 ut
640 1702 819 1766 recto
846 1702 1116 1765 consilio
1143 1703 1400 1780 seiungi
1427 1704 1725 1781 nequeatz
1750 1704 2163 1782 praeceptum
2194 1706 2368 1767 enim
2397 1706 2700 1767 Herculis

379 1819 463 1865 ne
522 1802 849 1863 mulieres·
889 1803 1032 1863 eius
1091 1817 1280 1864 sacro
1332 1802 1643 1865 intersint
1700 1818 1740 1864 a
1791 1803 1999 1864 nimia
2038 1804 2306 1866 Faunae
2359 1804 2433 1864 in
2491 1804 2700 1866 homi-

381 1917 497 1962 nes
537 1900 891 1963 severitate
928 1901 1344 1977 provocatum
1384 1901 1499 1978 est,
1543 1903 1619 1961 ut
1655 1900 1858 1963 etiam
1897 1917 1934 1961 e
1987 1901 2316 1977 particula
2371 1920 2410 1962 ‹
2453 1902 2620 1962 unde
2662 1922 2698 1959 »

381 2001 575 2063 facile
619 2000 936 2077 arguitur.
979 1999 1106 2062 Gir.
1148 2016 1392 2077 quoque
1433 2001 1722 2076 Propert.
1761 2001 1864 2061 IV.
1904 1998 1961 2059 9.
2004 1997 2227 2077 Itaque
2280 2002 2491 2063 Varro
2533 2000 2701 2063 alte-

382 2116 525 2162 ram
568 2115 706 2160 rem
746 2114 895 2160 cum
939 2097 1150 2161 altera
1190 2097 1534 2160 coniunxit
1571 2098 1642 2187 et
1680 2098 2130 2161 narrationem
2184 2098 2483 2176 explevit.
2524 2101 2698 2167 Qua-

381 2198 606 2276 popter
646 2196 1086 2274 Eyssenhardt
1124 2196 1332 2259 totum
1373 2195 1832 2273 fragmentum,
1888 2196 1962 2258 ut
2009 2211 2124 2273 ego
2169 2197 2492 2273 descripsi,
2535 2196 2702 2258 tam·

380 2313 465 2374 qu
474 2312 579 2357 am
598 2295 917 2357 Varronis
936 2294 1186 2357 doctrin
1194 2310 1298 2355 am
1318 2295 1733 2356 considerans
1752 2294 2186 2372 peculiaribus
2209 2294 2703 2357 characteribus

385 2394 620 2458 merito
660 2392 979 2456 distinxit.
1022 2393 1307 2470 Librum,
1351 2393 1419 2453 in
1459 2408 1583 2470 quo
1610 2392 1788 2454 locus
1814 2392 2049 2467 inerat,
2088 2391 2355 2453 Merkel.
2401 2392 2481 2455 ad
2522 2391 2701 2454 Ovid.

385 2494 563 2555 Fast.
601 2508 659 2569 p.
701 2505 1052 2553 chxxvm
1092 2493 1239 2551 Rer.
1282 2491 1420 2553 Div.
1461 2492 1610 2553 XIV
1648 2489 1871 2552 censet
1895 2489 2111 2562 fuisse,
2139 2490 2250 2551 ubi
2278 2491 2354 2552 de
2379 2490 2480 2552 dis
2506 2490 2705 2553 certis

382 2589 837 2669 quaerebatur:
878 2588 1041 2650 mihi
1084 2589 1303 2651 autem
1343 2588 1740 2666 probabilius
1766 2587 2023 2650 videtur
2054 2588 2136 2650 ad
2161 2589 2278 2650 XV
2318 2604 2402 2649 ea
2441 2585 2710 2662 referre,

384 2689 496 2750 ubi
537 2689 616 2750 de
655 2688 752 2750 dis
791 2686 1080 2760 incertis,
1120 2687 1197 2749 de
1235 2703 1503 2764 quorum
1540 2687 1726 2750 cultu
1764 2687 1980 2748 minus
2019 2686 2371 2748 constaret.

452 2869 479 2918 1
512 2854 956 2924 TTNAIKSIA
1015 2865 1058 2914 Β
1081 2865 1153 2929 112
1185 2866 1423 2917 tradidit
1452 2865 1617 2931 Lugd.
1651 2873 1706 2916 et
1753 2871 1874 2917 vett.
1909 2866 2058 2919 edd&
2110 2881 2221 2916 esse
2268 2867 2511 2916 tradidit
2539 2866 2703 2932 aliqq.

388 2949 525 2999 edd:
563 2936 1191 3006 TTNAIKCDNITIN
1231 2947 1292 2997 Β.
1326 2960 1627 3011 nunquam
1657 2946 1823 3011 Lugd.
1870 2954 1922 2997 et
1953 2954 2072 2998 v.ett
2124 2948 2239 2998 edd.
2262 2949 2337 3013 114
2371 2962 2469 2998 nec
2508 2963 2545 2997 a
2579 2949 2710 3000 viro

390 3020 435 3070 P
467 3026 520 3070 et
548 3019 712 3084 aliqq.
741 3020 857 3070 edd.
882 3019 1113 3083 ss5quia
1134 3018 1372 3068 Herculi
1391 3018 1555 3084 Lugd.
1587 3016 1822 3081 etali‘qq.
1852 3018 1969 3067 edd.
1993 3019 2066 3082 116
2085 3020 2303 3083 qeriom
2307 3035 2335 3068 s
2366 3019 2425 3067 B:
2449 3020 2707 3083 qerronis

391 3102 529 3167 Pn7
560 3101 738 3151 dieB'
758 3099 1039 3166 ulopotio
1070 3100 1132 3149 P.

1440 3420 1657 3505 XXI.

1370 3582 1449 3652 (ι.
1488 3583 1582 3637 13.
1622 3581 1724 3651 ao)

462 3778 501 3820 ‹
530 3763 721 3819 Iunius
754 3759 972 3819 Maium
1009 3759 1267 3830 sequitur
1300 3759 1405 3816 aut
1450 3774 1524 3815 ex
1558 3759 1729 3829 parte
1757 3757 1970 3829 populi,
1999 3756 2082 3828 (id
2127 3757 2226 3815 est
2253 3771 2327 3814 ex
2364 3754 2706 3825 iunioribus)
2757 3755 2838 3810 30

391 3852 464 3909 ut
496 3865 675 3923 supra
710 3850 983 3921 diximus,
1017 3848 1344 3907 nominatus
1379 3848 1484 3904 aut
1516 3848 1584 3904 ut
1628 3847 1863 3917 cingius
1897 3845 2226 3903 arbitratur
2262 3844 2414 3916 quod
2449 3843 2723 3901 Iunonius

390 3940 545 4012 apud
570 3941 805 3997 Latinos
839 3941 974 3997 ante
1012 3938 1301 3995 vocitatus
1335 3937 1542 4007 diuque
1579 3937 1735 4008 apud
1771 3936 2036 3994 Aricinos
2061 3934 2574 4003 Praenestinosque
2607 3932 2723 3990 buc

389 4030 778 4102 appellatione
813 4029 871 4085 in
904 4028 1087 4086 fastos
1122 4026 1344 4083 relatus
1382 4027 1476 4082 sit.
1511 4040 1550 4081 »

478 4263 865 4325 Censorinus
903 4261 1013 4322 lib.
1063 4263 1129 4324 et
1180 4260 1299 4323 loc.
1361 4260 1472 4322 cit.
1527 4259 1691 4320 haec
1747 4258 1940 4321 iuxta
1997 4257 2314 4320 Varronis
2354 4256 2720 4319 doctrinam

396 4361 580 4423 circa
617 4376 904 4422 mensem
944 4360 1202 4421 Iunium
1244 4356 1488 4421 statuit·
1522 4377 1558 4412 ⁴<
1601 4356 1853 4417 Iunium
1883 4371 2126 4436 quoque
2157 4359 2461 4418 a-Iunone
2500 4353 2719 4431 potius

392 4475 588 4538 quam
630 4457 1007 4532 iunioribus,
1049 4458 1214 4535 quod
1255 4455 1368 4519 illo
1410 4469 1626 4517 mense
1668 4453 1952 4516 maxime
2013 4454 2246 4517 Iunoni
2283 4454 2562 4516 honores
2599 4451 2723 4514 ha·-
