3334 5192
2701 400 2781 462 57

443 528 659 583 Rerum
695 528 1092 583 Humanarum
1129 525 1449 583 undecimo:
1489 524 1564 582 ad
1600 524 1822 581 victum
1858 523 2084 595 optima
2120 521 2234 579 fert
2269 533 2412 592 ager
2454 523 2784 592 Campanus

444 616 816 687 frumentum,
853 616 1131 672 Falernus
1169 616 1384 687 vinum,
1421 614 1695 671 cassinas
1749 612 1962 685 oleum,
2022 611 2382 669 Tusculanus
2423 610 2617 680 ficum,
2666 610 2784 667 mel

351 721 393 763 c
447 707 812 778 TarentinuS,
849 706 1067 778 piscem
1103 704 1351 762 Tiberis.
1385 718 1421 760 »

532 921 896 984 Servantur
923 921 995 982 in
1023 920 1159 999 Bip.
1189 920 1284 981 ed.
1316 936 1374 997 p.
1396 917 1516 979 207
1535 918 1737 980 verba
1758 939 1794 974 «
1818 916 1900 979 ad
1920 916 2169 980 victum
2188 916 2433 994 optima
2453 915 2582 979 fert
2599 937 2634 973 >›
2660 916 2779 980 etc.

448 1021 687 1082 Eadem
730 1036 770 1080 a
811 1021 1108 1082 Varrone
1150 1019 1425 1095 sumpsit
1464 1017 1738 1095 Plinius,
1767 1017 1842 1078 ut
1868 1032 2138 1097 cernere
2166 1015 2363 1079 estin
2388 1015 2596 1077 variis
2623 1015 2782 1077 locis

447 1120 598 1182 Nat.
641 1119 806 1182 Hist.
846 1119 978 1180 Gfr.
1019 1117 1127 1179 lib.
1168 1120 1278 1179 III.
1318 1115 1375 1190 5,
1419 1116 1588 1177 XIV.
1632 1115 1688 1190 6,
1730 1117 1868 1177 XV.
1908 1114 1949 1172 2
1988 1117 2058 1178 et
2102 1114 2275 1176 alibi.
2306 1115 2526 1177 Etiam
2554 1112 2783 1192 poetae

447 1217 743 1294 regiones
784 1217 947 1281 istas
989 1218 1216 1278 eadem
1257 1231 1343 1277 ex
1380 1230 1585 1276 causa
1627 1213 1966 1276 celebrant
2007 1213 2373 1290 aliquando,
2417 1212 2495 1275 ut
2530 1212 2605 1274 de
2629 1228 2786 1289 agro
2905 1296 2906 1299 Ἴ

447 1315 844 1392 Venafran0‚
874 1333 986 1377 seu
1016 1317 1091 1377 de
1120 1314 1413 1387 Cassino,
1451 1312 1656 1390 agunt
1683 1313 2011 1376 Martialis
2037 1314 2205 1374 XIII.
2237 1311 2348 1373 101
2382 1312 2448 1375 et
2474 1311 2786 1373 Horatius

444 1416 557 1477 Od.
599 1417 677 1478 II.
719 1414 776 1492 6,
819 1415 954 1478 Sat.
997 1416 1073 1478 II.
1115 1413 1154 1472 4
1196 1414 1338 1488 etc.;
1379 1412 1630 1475 devino
1656 1411 1937 1476 Falerno
1965 1411 2033 1475 et
2062 1411 2360 1474 Calabris
2393 1410 2620 1489 apibus
2648 1410 2784 1488 ipse

444 1514 815 1575 Venusinus
855 1530 986 1576 non
1025 1512 1249 1577 semel.

508 1699 540 1748 2
570 1706 623 1749 et
651 1700 683 1748 5
720 1699 995 1764 Tyberino
1033 1699 1260 1764 Tyberis
1291 1698 1455 1764 Lugd.
1490 1703 1541 1747 et
1571 1702 1692 1747 vett.
1727 1696 1844 1749 edd.
1869 1696 1943 1763 {13
1972 1698 2148 1760 refert
2194 1695 2334 1761 13114
2386 1672 2627 1746 Casinas
2676 1696 2782 1746 BP.

1569 2036 1655 2113 L.

1458 2190 1586 2258 (Ἠ.
1623 2188 1684 2247 4.
1722 2191 1781 2261 s)

516 2398 554 2440 «
588 2383 731 2439 Sunt
766 2382 863 2452 qui
899 2380 1210 2439 aestiment
1244 2382 1353 2439 hoc
1375 2381 1623 2439 verbum
1658 2383 2001 2440 umbracula
2024 2383 2283 2454 Vergilio
2307 2381 2547 2439 auctore
2569 2396 2786 2452 conpo-
2840 2378 2880 2432 6

436 2474 627 2529 situm
663 2487 794 2529 cum
831 2474 1022 2529 Varro
1058 2474 1276 2528 Rerum
1310 2473 1647 2529 Divinarum
1697 2472 1847 2529 libro
1884 2471 2105 2529 decimo
2160 2472 2400 2529 dixerit:
2455 2488 2567 2528 non
2614 2469 2786 2527 nullis

434 2561 893 2633 ‘magistratibus
928 2561 986 2618 in
1021 2561 1231 2633 oppido
1267 2561 1330 2618 id
1365 2576 1544 2633 genus
1578 2562 1905 2619 umbraculi
1940 2577 2290 2620 concessum.
2326 2575 2363 2616 ›>

526 2806 842 2869 Insuntin
871 2807 1004 2884 Bip.
1035 2805 1129 2866 ed.
1157 2823 1216 2883 p.
1243 2804 1363 2865 219
1390 2806 1593 2868 verba
1618 2825 1655 2866 «
1687 2821 1819 2868 non
1845 2805 2045 2866 nullis
2075 2804 2572 2881 magistratibus
2601 2820 2639 2863 >›
2662 2804 2785 2866 etc.

445 2908 519 2966 In
563 2906 671 2966 lib.
714 2909 776 2967 X
817 2910 966 2969 Rer.
1007 2906 1164 2977 Div„
1207 2905 1282 2966 ut
1324 2920 1523 2981 supra
1564 2904 1953 2976 monuimus,
2003 2905 2233 2974 Varro,
2276 2902 2531 2964 videtur
2573 2903 2783 2977 egisse

436 3006 525 3066 -de
566 3004 736 3066 ludis
776 3004 1068 3079 sceniciS,
1111 3003 1303 3066 iuxta
1342 3003 1800 3079 Augustinum.
1830 3001 1958 3062 Gl'r.
1986 3001 2253 3062 Merkel.
2288 3001 2369 3061 ad
2404 3000 2581 3062 Ovid.
2610 3000 2786 3062 Fast.

448 3121 506 3180 p.
551 3100 792 3176 CLXII,
832 3102 942 3164 ubi
982 3102 1147 3164 haec
1188 3102 1497 3177 leguntur
1539 3122 1575 3158 «
1616 3099 1834 3162 Verba
1877 3117 1919 3160 a
1956 3099 2289 3162 Macrobio
2345 3098 2613 3160 servata
2660 3097 2790 3160 for-

442 3201 648 3264 tassis
672 3201 752 3263 ad
783 3201 991 3279 ipsum
1033 3216 1268 3262 scenae
1293 3215 1528 3262 nomen
1558 3199 2013 3277 explicandum
2042 3197 2591 3260 illustrandumve
2643 3212 2790 3273 per-

441 3299 810 3371 tinuerunt,
855 3315 1042 3376 quem
1088 3298 1169 3359 ad
1211 3298 1470 3359 modum
1513 3297 1681 3374 apud
1734 3298 2040 3359 Servium
2078 3296 2177 3359 est
2230 3296 2310 3356 ad
2348 3298 2509 3357 Aen.
2552 3296 2599 3357 1.
2645 3291 2786 3352 164:

449 3398 534 3460 Et
573 3396 752 3460 dicta
813 3413 1010 3460 scena
1067 3394 1181 3453 ἀπὸ
1220 3398 1316 3465 τῆς
1358 3398 1542 3462 σκιᾶςε
1605 3395 1805 3478 apud·
1839 3396 2139 3472 antiquos
2200 3394 2375 3454 enim
2437 3391 2789 3455 theatralis

440 3512 649 3557 scena
689 3495 1007 3573 parietem
1049 3512 1180 3557 non
1219 3496 1516 3573 habebat,
1560 3495 1672 3556 sed
1700 3495 1777 3555 de
1813 3493 2149 3556 frondibus
2180 3491 2565 3555 umbracula
2591 3506 2790 3571 quae-

452 3595 702 3656 rebant.
748 3615 784 3652 »

516 3790 543 3839 l
575 3791 843 3840 estimant
873 3789 933 3838 P.
967 3789 1242 3839 extiment
1271 3787 1437 3853 Lugd.
1471 3792 1525 3836 et
1558 3786 1719 3851 aliqq.
1755 3786 1874 3838 edd:
1921 3786 2168 3851 Viryilio
2213 3785 2370 3835 Ianus
2419 3790 2473 3833 et
2523 3781 2591 3834 al.
2637 3782 2780 3832 edd.:

445 3871 815 3933 compositwn
846 3869 1012 3936 Lugd.
1046 3874 1099 3919 et
1130 3874 1249 3918 vett.
1284 3867 1399 3918 edd.
