3334 5192
422 534 765 597 Invenitur
805 534 877 596 in
917 533 1054 611 Bip.
1097 533 1192 595 ed.
1233 550 1294 610 p.
1333 531 1469 593 219.
1511 532 1597 596 At
1649 533 1913 594 Servius
1967 534 2123 594 Aen.
2165 534 2242 593 11.
2281 529 2419 604 225,
2466 549 2507 593 a
2547 547 2673 608 quo

338 632 711 695 Macrobius
759 631 927 694 haec
987 631 1279 709 sumpsit,
1346 630 1482 693 alia
1539 629 1911 707 praemittit
1969 631 2065 691 sic
2122 630 2340 691 dicens
2381 648 2418 691 (ι
2459 631 2676 692 Varro

346 732 565 793 autem
607 733 851 792 Rerum
890 730 1274 791 Divinarum
1322 728 1489 791 libro
1527 728 1761 789 XXVII
1798 728 2135 789 delubrum
2174 743 2315 788 esse
2355 722 2518 789 dicit
2561 727 2677 789 aut

342 828 454 889 ubi
510 828 702 905 plura
755 828 1032 891 numina
1069 824 1188 889 sub
1227 840 1359 889 uno
1399 827 1571 890 tecto
1612 826 1782 898 sunt,
1825 825 1902 888 ut
1948 825 2358 904 Capitolium,
2404 826 2523 887 aut
2562 823 2675 885 ubi

340 928 604 1005 praeter
647 927 871 989 aedem
913 942 951 988 »
992 928 1114 990 etc.
1176 925 1455 988 Merkel.
1508 941 1666 987 vero
1718 925 1799 986 ad
1860 924 2037 986 Ovid.
2080 925 2259 987 Fast.
2302 941 2361 1001 p.
2405 924 2680 985 CXXIII·

340 1041 514 1104 seqq.
556 1040 897 1088 erroneam
951 1025 1414 1088 indicationem
1475 1023 1879 1085 Varroniani
1940 1023 2094 1084 libri
2150 1038 2298 1084 cum
2338 1022 2410 1083 in
2451 1022 2677 1084 Servio
2771 1062 2779 1071 -

342 1127 484 1187 tum
526 1124 597 1186 in
637 1125 964 1187 Macrobio
1008 1120 1342 1201 acceptam
1385 1136 1761 1199 agnoscenS,
1805 1121 1982 1184 inter
2007 1121 2160 1183 libri
2187 1121 2274 1182 VI
2299 1118 2675 1197 fragmenta

342 1222 465 1284 ho'c
504 1220 764 1299 recepit.
803 1222 986 1284 Alias
1026 1222 1274 1284 delubri
1314 1220 1887 1299 interpretationes
1931 1220 2012 1282 ab
2058 1219 2210 1281 aliis
2255 1217 2675 1297 scriptoribus

341 1321 753 1396 excogitatas
797 1320 1006 1384 adfert
1046 1320 1310 1383 Servius
1349 1321 1505 1380 Aen.
1546 1318 1644 1379 IV.
1687 1316 1767 1379 56
1804 1319 1874 1380 et
1917 1317 2093 1378 alibi.

410 1504 437 1552 1
468 1507 750 1555 extimare
778 1504 942 1571 Lugd.
976 1511 1029 1554 et
1057 1510 1178 1554 vett.
1211 1502 1328 1554 edd.
1352 1502 1424 1568 112
1470 1510 1761 1564 assmnpta
1790 1501 1853 1561 P,
1887 1500 2053 1566 Lugd.
2086 1505 2142 1549 et
2181 1498 2252 1549 al.
2286 1499 2401 1549 edd.
2424 1499 2497 1565 [13
2531 1500 2678 1550 iovis

341 1594 547 1635 statere
578 1585 653 1635 B':
688 1585 1101 1636 simulachrum
1132 1585 1290 1634 Ianus
1322 1590 1374 1633 et
1403 1582 1471 1633 al.
1505 1582 1639 1632 edd.:
1676 1581 1993 1632 dedicatum
2023 1590 2103 1630 est
2133 1578 2192 1629 P.

1384 1916 1653 1994 XLIII.
1733 1940 1741 1945 “

1346 2073 1496 2144 (111.
1530 2071 1591 2129 4.
1632 2071 1688 2143 τ)

417 2271 450 2309 ‹
484 2256 676 2311 Varro
711 2211 1108 2311 Humanarum
1144 2255 1391 2310 secundo
1426 2253 1758 2310 Dardanum
1792 2253 1974 2311 refert
2007 2252 2147 2309 deos
2180 2253 2427 2311 Penates
2459 2266 2535 2310 ex
2571 2255 2678 2310 Sa·
2733 2251 2769 2305 7

345 2344 649 2401 mothrace
679 2343 739 2400 in
774 2343 1110 2414 Prhygiam,
1136 2343 1198 2401 et
1248 2344 1496 2400 Aeneam
1532 2356 1604 2398 ex
1652 2343 1911 2414 Phrygia
1943 2343 2004 2399 in
2038 2343 2267 2400 Italiam
2302 2342 2602 2401 detulisse.
2639 2356 2676 2400 »

427 2594 664 2658 Exstat
701 2596 773 2656 in
815 2595 947 2672 Bip.
991 2595 1083 2656 ed.
1128 2612 1186 2671 p.
1226 2591 1369 2654 205..
1407 2594 1696 2654 Eandem
1744 2594 2088 2657 historiam
2131 2611 2214 2657 ex
2255 2596 2490 2658 Nostro
2532 2612 2677 2672 pro-

350 2696 654 2759 babiliter
692 2696 998 2757 haustam
1038 2694 1273 2756 narrat
1311 2693 1653 2770 Dionysius
1683 2692 1839 2755 Hal.
1882 2695 1957 2754 A.
1997 2696 2075 2755 R.
2115 2693 2177 2753 11.
2205 2692 2301 2753 66.
2345 2694 2572 2766 Locus
2601 2696 2679 2757 ut

350 2794 420 2854 in
460 2792 789 2855 Macrobio
828 2792 944 2869 est,
1000 2791 1240 2868 legitur
1299 2807 1546 2868 quoque
1607 2791 1679 2852 in
1741 2791 1965 2852 Servio
2025 2795 2181 2852 Aen.
2224 2794 2335 2852 111.
2381 2789 2498 2851 119
2538 2807 2677 2853 una

348 2908 499 2953 cum
543 2890 865 2968 aliquibus
908 2890 1195 2953 eiusdem
1214 2890 1528 2951 Varronis
1568 2889 1965 2952 testimoniis
1991 2891 2172 2951 circa
2198 2889 2348 2951 deos
2378 2890 2677 2953 Penates

349 2990 619 3066 Ideoque
658 2991 795 3066 ipse
836 2988 1099 3050 Servius
1138 2990 1291 3048 Aen.
1332 2988 1439 3048 III.
1487 2985 1561 3045 12
1601 2986 2058 3051 Samothraces
2087 2990 2530 3049 Romanorum
2573 3003 2682 3050 co-

350 3089 583 3164 gnatos
628 3087 726 3149 ait
764 3087 1188 3149 existimatos,

417 3313 444 3361 1
476 3315 688 3363 Rerum
719 3313 1109 3362 humanarum
1154 3312 1320 3377 Lugd.
1370 3318 1420 3360 et
1465 3309 1627 3376 aliqq.
1673 3312 1807 3365 edd.:
1859 3312 2206 3363 smathrace
2246 3313 2398 3379 B'112
2439 3315 2685 3378 friyiasm

355 3393 415 3442 P:
448 3394 702 3458 fryyiwm
732 3393 792 3442 B:
828 3407 897 3442 ex
931 3393 1081 3441 troia
1112 3392 1173 3441 P:
1209 3403 1258 3442 et
1288 3393 1552 3456 frygiam.
1588 3392 1644 3442 B.

1382 3779 1655 3859 XLIV.

1342 3934 1596 4006 (111.·4.
1634 3935 1693 4006 8)

426 4131 463 4173 ‹<
497 4117 603 4181 Qui
636 4115 971 4186 diligentius
1004 4114 1218 4171 eruunt
1267 4112 1581 4169 veritatem
1637 4113 1882 4170 Penates
1933 4126 2063 4171 esse
2095 4113 2369 4171 dixerunt
2400 4127 2507 4185 per
2543 4126 2687 4184 quos
2737 4123 2781 4178 8

353 4206 583 4277 penitus
619 4206 930 4276 spiramus,
966 4218 1073 4275 per
1108 4216 1251 4274 quos
1283 4200 1560 4259 habemus
1594 4215 1827 4274 corpus,
1862 4216 1971 4274 per
2005 4216 2150 4273 quos
2183 4204 2474 4261 rationem
2509 4203 2688 4259 animi

354 4297 732 4368 possidemus:
768 4306 897 4352 esse
931 4295 1132 4351 autem
1167 4292 1421 4350 medium
1455 4292 1701 4349 aethera
1752 4295 2289 4362 Iovem,1unonem
2323 4304 2466 4349 vero
2503 4293 2687 4369 imum

353 4399 495 4441 aera
527 4400 662 4441 cum
696 4384 865 4440 terra
898 4384 961 4440 et
986 4383 1308 4439 Minervam
1333 4394 1627 4438 summum
1648 4382 1909 4440 aetheris
1930 4396 2220 4441 cacumen.
2245 4382 2308 4439 et
2342 4382 2688 4453 argumento

265 4486 305 4530 5
357 4474 600 4530 utuntur
634 4473 784 4543 quod
821 4471 1186 4543 Tarquinius,
1221 4471 1516 4529 Demarati
1564 4471 1849 4530 Corinthii
1874 4471 2028 4530 filius
2064 4471 2510 4530 Samothracicis
2545 4469 2692 4527 reli-
