3334 5192
632 398 716 459 ⁴4

633 518 908 581 formam
948 517 1480 580 constantissime
1521 532 1838 595 servasse,
1884 533 1964 580 ac
2002 519 2295 581 remotas
2337 518 2406 579 et
2450 517 2824 580 subtiliores
2872 534 2972 580 re·

634 633 779 679 rum
834 633 1071 680 causas
1113 618 1183 679 in
1224 617 1483 679 cunctis
1519 633 1686 694 quae
1729 615 2388 679 asserebat-scrutari
2431 632 2561 679 non
2621 617 2970 678 destitisse.

632 716 842 793 Igitur
899 715 1248 777 absurdum
1303 716 1407 777 est
1458 715 1719 792 opinari
1779 730 2053 777 causam
2114 731 2236 779 cur
2295 715 2569 792 nuptiae
2621 715 2970 793 nequirent

632 815 838 877 Nonis
877 814 1199 877 celebrari
1238 830 1368 877 non
1408 813 1610 876 fuisse
1642 813 1722 874 ab
1752 829 1826 875 eo
1854 813 2275 891 patefactam.
2299 813 2574 875 Constat
2602 828 2843 892 quoque
2886 828 2972 874 ex

636 913 771 979 alia
812 914 1002 992 parte
1040 913 1447 976 Macrobium
1487 928 1680 989 saepe
1722 912 1965 975 solitun
2007 928 2152 974 esse
2190 911 2511 974 nonnulla
2539 913 2697 990 ipsis
2741 912 2970 973 aucto-

630 1011 815 1074 ribus
855 1029 890 1073 e
931 1012 1163 1090 quibus
1208 1012 1467 1089 accipit,
1507 1011 1820 1075 nonnulla
1860 1027 2016 1074 vero
2057 1012 2446 1089 sibimetipsi
2474 1010 2785 1085 tribuere,
2829 1010 2908 1073 ut
2933 1026 2969 1070 e

631 1110 970 1172 Gellianae
1024 1111 1412 1173 eruditionis
1466 1127 1591 1171 usu
1644 1126 1837 1188 quem
1890 1109 2050 1170 fecit
2111 1108 2331 1187 palam
2386 1109 2476 1171 fit.
2540 1108 2848 1170 Ceterum
2901 1108 2970 1168 et

630 1209 853 1270 Nonas
893 1208 1188 1271 nefastas
1226 1206 1493 1269 habitas
1532 1223 1675 1268 esse
1721 1207 1885 1268 dicit
1936 1210 2133 1269 Laur.
2186 1207 2402 1283 Lydus
2443 1207 2548 1268 III.
2591 1207 2649 1268 7:
2690 1205 2968 1267 nefastis

637 1307 859 1368 autem
899 1305 1143 1380 diebuS‚
1185 1306 1379 1367 notat
1420 1308 1641 1379 IanuS,
1681 1306 1948 1383 nuptias
1995 1303 2327 1366 celebrare
2367 1321 2498 1367 non
2548 1303 2810 1366 licuisse
2856 1321 2970 1381 ap-

632 1405 824 1484 paret
865 1421 949 1465 ex
987 1405 1162 1465 Ovid.
1208 1405 1383 1466 Fast.
1427 1403 1500 1463 11.
1541 1402 1661 1463 557
1705 1419 1871 1482 seqq.
1913 1405 2018 1467 VI.
2048 1402 2169 1462 219
2209 1420 2374 1481 seqq.
2406 1403 2638 1465 Festus
2679 1401 2788 1463 lib.
2818 1403 2971 1464 XIII

632 1521 692 1581 p.
739 1503 853 1562 178
879 1502 1093 1564 Muell.
1136 1503 1345 1580 ipsam
1386 1518 1524 1564 rem
1567 1503 1669 1564 ita
1708 1503 1911 1565 docet:
1956 1524 1990 1558 «
2021 1503 2357 1564 Nonarum
2391 1502 2528 1563 dies
2556 1501 2715 1562 item
2744 1500 2966 1561 Iduum

633 1602 1078 1664 Kalendarum
1104 1601 1358 1679 nuptiis
1387 1600 1586 1663 alieni
1614 1601 1959 1680 habentur,
1982 1603 2140 1679 quia
2168 1618 2376 1664 novae
2404 1602 2646 1679 nuptae
2677 1602 2775 1662 sic
2795 1601 2966 1662 diem

634 1700 944 1778 postridie
981 1700 1250 1777 nuptias
1305 1700 1599 1760 creditur
1659 1701 1880 1763 atrum
1943 1701 2328 1762 inluciscere
2369 1721 2426 1761 ».
2488 1698 2827 1762 Probabile
2868 1692 2980 1761 est*

633 1800 1007 1861 Varronem·
1036 1799 1202 1859 haec
1241 1797 1681 1874 pertractasse
1724 1798 1795 1859 in
1824 1797 1931 1859 lib.
1959 1799 2107 1861 VIII
2146 1801 2296 1859 Rer.
2336 1797 2474 1860 Div.
2518 1797 2629 1859 ubi
2658 1797 2733 1858 de
2762 1797 2964 1865 feriis,

632 1897 702 1958 ni
731 1898 1022 1974 cogitare
1051 1896 1268 1974 placet
1295 1895 1467 1957 hanc
1496 1896 1572 1957 de
1601 1896 1849 1972 nuptiis
1879 1895 2377 1973 prohibitionem
2412 1898 2481 1959 in
2510 1896 2616 1957 lib.
2640 1897 2715 1958 de
2744 1894 2964 1957 diebus

635 1996 698 2057 id
739 1997 839 2058 est
876 1996 948 2060 in
986 1997 1137 2056 XIV
1176 1998 1322 2056 Rer.
1366 1997 1549 2055 Hum.
1592 1995 2086 2057 convenientius
2137 1995 2488 2058 exstitisse.

697 2239 729 2287 1
757 2246 810 2290 et
842 2238 902 2288 12
941 2241 1209 2291 calendas
1242 2241 1393 2306 Lugd
1423 2247 1476 2291 et
1495 2247 1616 2290 vett.
1651 2240 1801 2291 edd.:
1839 2242 2030 2292 Nonas
2051 2255 2154 2291 om.
2202 2241 2246 2290 P
2269 2241 2289 2305 11
2311 2242 2342 2290 4
2358 2242 2491 2305 fleri
2521 2243 2612 2291 vis
2644 2240 2971 2305 virainibm

635 2320 801 2384 Lugd.
849 2326 901 2370 et
929 2326 1049 2370 vett.
1096 2321 1230 2371 edd.:
1261 2322 1660 2384 peritissima*
1687 2321 1731 2370 P
1753 2321 1827 2385 118
1858 2322 1975 2371 dies·
2005 2335 2107 2371 om.
2147 2322 2189 2371 B
2211 2322 2232 2385 Π
2257 2320 2313 2368 11
2342 2321 2634 2385 pos-triani
2665 2320 2724 2369 B:
2753 2320 2967 2383 postri-

632 2398 803 2448 aiom·
834 2398 877 2447 P
899 2399 921 2462 u
946 2399 1006 2448 13
1038 2400 1353 2451 immun.

1621 2747 1985 2824 XXVIII.

1554 2903 1632 2972 (1.
1669 2898 1767 2959 16.
1804 2902 1842 2956 9
1890 2903 2041 2972 seq.)

702 3099 733 3132 «
771 3079 1172 3136 Adfirmabant
1206 3079 1401 3136 autem
1438 3083 1636 3137 autem
1673 3081 2004 3139 sacerdotes
2038 3081 2222 3153 pollui
2257 3082 2451 3153 ferias,
2479 3081 2530 3137 si
2554 3080 2788 3138 indictis
2827 3095 2962 3136 con·
3015 3079 3058 3129 9

628 3170 922 3241 ceptisque
955 3184 1103 3240 opus
1138 3170 1367 3240 aliquod
1401 3169 1586 3229 fleret.
1630 3173 1945 3242 praeterea
1992 3185 2192 3243 regem
2242 3186 2545 3228 sacrorum
2584 3171 2961 3240 flaminesque

632 3274 743 3317 non
776 3259 988 3316 licebat
1027 3259 1222 3316 videre
1256 3260 1419 3317 feriis
1454 3274 1600 3331 opus
1636 3261 1767 3317 fieri
1802 3262 1864 3319 et
1899 3261 2028 3318 ideo
2053 3276 2160 3333 per
2181 3276 2528 3333 praeconem
2553 3259 2967 3317 denuntiabant

631 3348 837 3417 nequid
872 3348 992 3404 tale
1027 3349 1304 3418 ageretur
1338 3350 1401 3406 et
1433 3349 1729 3420 praecepti
1766 3349 2071 3421 neglegens
2120 3349 2499 3408 multabatur.
2536 3350 2775 3421 praeter
2811 3348 2964 3405 mul·
3021 3345 3102 3401 10

630 3436 757 3493 tam
796 3450 935 3491 vero
958 3435 1385 3494 adfirmabatur
1417 3453 1551 3495 eum
1572 3439 1671 3507 qui
1708 3438 1924 3495 talibus
1948 3438 2148 3495 diebus
2173 3438 2484 3510 inprudens
2508 3438 2725 3508 aliquid
2749 3437 2966 3508 egisset

630 3539 809 3595 porco
845 3525 1135 3595 piaculum
1170 3526 1312 3582 dare
1352 3526 1578 3597 debere,
1625 3527 1972 3598 prudentem
2018 3529 2256 3599 expiare
2304 3543 2417 3585 non
2471 3541 2646 3599 posse
2692 3525 2966 3582 Scaevola

628 3613 888 3684 pontifex
920 3613 1323 3672 adseverabat.
1360 3633 1393 3667 ›

707 3871 887 3937 Quae
929 3867 1037 3929 hic
1079 3870 1157 3930 de
1199 3868 1381 3930 feriis
1422 3868 1899 3946 praedicantur
1937 3870 2021 3930 M.
2062 3870 2276 3930 Varro
2299 3869 2368 3929 in
2400 3870 2548 3929 XIV
2576 3872 2727 3930 Rer.
2771 3870 2963 3929 Hum.

629 3967 911 4042 notavit,
953 3983 1100 4028 cum
1141 3967 1221 4028 de
1247 3967 1470 4030 diebus
1498 3967 1777 4029 nefastis
1804 3967 2061 4029 locutus
2104 3968 2222 4040 est3
2252 3982 2406 4028 nam
2437 3968 2508 4027 in
2534 3967 2602 4026 L.
2646 3969 2715 4028 L.
2743 3968 2844 4027 VI.
2886 3963 2970 4025 30

627 4065 793 4126 haec
834 4065 903 4125 in
956 4065 1359 4143 propositum
1416 4065 1658 4142 repetit
1714 4086 1749 4121 α
1812 4065 2088 4127 Praetor
2141 4066 2254 4142 qui
2302 4065 2448 4127 tum
2500 4065 2683 4126 fatus
2736 4065 2864 4141 est,
2906 4065 2964 4125 si

629 4162 1000 4240 imprudens
1042 4163 1217 4236 fecit,
1259 4164 1587 4240 piaculari
1626 4164 1848 4225 hostia
1875 4163 2059 4225 facta
2085 4163 2331 4241 piatur3
2361 4163 2418 4224 si
2455 4162 2734 4241 prudens
2775 4161 2972 4235 dixit,

630 4262 911 4332 Quintus
951 4262 1207 4323 Mucius
1249 4261 1622 4338 ambigebat
1647 4278 1796 4323 eum
1837 4261 2096 4339 expiari
2124 4262 2203 4322 ut
2228 4261 2500 4339 impium
2530 4277 2659 4323 non
2699 4277 2884 4340 posse
2910 4274 2966 4321 r.

632 4361 767 4420 Hoc
807 4360 1225 4437 praeceptum
1265 4359 1500 4420 vetans
1540 4375 1623 4421 ne
1662 4359 1818 4436 quid
1859 4359 2047 4420 fieret
2105 4359 2179 4421 in
2217 4358 2444 4421 diebus
2493 4359 2679 4422 festis
2724 4375 2765 4419 a
2805 4362 2969 4420 Var-

632 4473 791 4520 rone
837 4459 1068 4521 didicit
1117 4459 1535 4537 Plutarchus,
1591 4458 1704 4535 qui
1746 4461 1815 4528 Q.
1858 4454 1933 4518 R.
1974 4456 2054 4517 25
2097 4458 2191 4519 sic
2243 4459 2362 4520 ait:
2404 4478 2441 4520 «
2472 4452 2749 4541 Ῥωμαῖοι
2804 4455 2863 4518 δὲ
2902 4457 2980 4517 τὸ
