3334 5192
2575 420 2657 481 33

315 538 491 608 mque
525 536 1039 595 matrumfamilias
1073 538 1137 595 et
1162 537 1453 608 virginum
1479 538 1715 609 sumpto
1739 537 2004 594 hostibus
2027 552 2161 594 cum
2184 540 2653 609 prosequentium

315 627 576 685 lacrimis
611 627 688 683 ad
722 627 897 683 fldem
933 626 1157 683 doloris
1190 627 1453 697 ingestae
1491 626 1640 719 spnt.
1689 640 1835 697 quae
1889 640 2021 683 cum
2070 642 2108 682 a
2141 628 2307 684 Livio
2344 628 2404 685 in
2440 630 2657 687 castris
2708 637 2792 692 39

215 724 265 765 15
315 714 667 774 distributae
700 715 965 786 fuissent,
1011 716 1178 773 viros
1222 716 1479 786 plurimo
1532 716 1669 771 vino
1712 717 2188 786 provocaverunt
2240 716 2394 774 diem
2442 718 2655 777 festum

315 807 471 879 apud
508 821 571 863 se
605 820 734 863 esse
784 805 1142 865 simulantes.
1198 804 1404 875 quibus
1459 805 1755 876 soporatis
1803 819 1877 863 ex
1928 803 2143 861 arbore
2195 805 2471 876 caprifico
2507 821 2658 876 quae

315 896 530 954 castris
569 896 702 953 erat
745 895 1016 966 proxima
1064 895 1292 966 signum
1341 895 1619 950 Romanis
1667 893 1967 951 dederunt.
2014 895 2112 964 qui
2166 909 2299 950 cum
2352 896 2656 967 repentina
2710 902 2793 960 40

315 984 640 1043 incursione
678 982 1070 1054 superassent,
1105 997 1333 1051 memor
1368 982 1625 1038 beneficii
1669 983 1905 1040 senatus
1951 997 2153 1040 omnes
2205 983 2446 1041 ancillas
2482 999 2658 1041 manu

317 1075 491 1132 iussit
524 1073 718 1129 emitti
753 1072 1061 1141 dotemque
1096 1072 1180 1128 eis
1215 1086 1289 1127 ex
1322 1071 1550 1142 publico
1576 1070 1711 1126 fecit
1750 1072 1812 1127 et
1848 1072 2122 1128 ornatum
2169 1086 2282 1142 quo
2307 1073 2446 1129 tunc
2487 1074 2657 1130 erant

210 1182 265 1224 20
319 1176 459 1222 usae
495 1164 729 1234 gestare
762 1162 1048 1219 concessit
1101 1162 1364 1232 diemque
1415 1161 1606 1232 ipsum
1660 1162 1854 1216 Nonas
1902 1161 2250 1231 Caprotinas
2306 1162 2658 1233 nuncupavit

317 1254 393 1311 ab
433 1253 536 1310 illa
569 1253 843 1325 caprifico
878 1266 952 1308 ex
987 1267 1100 1321 qua
1135 1253 1362 1322 signum
1402 1252 1684 1308 victoriae
1718 1253 2015 1323 ceperunt,
2044 1252 2659 1323 sacrificiumque-sta-

316 1344 437 1402 tuit
467 1356 656 1400 annua
690 1341 1084 1399 sollemnitate
1118 1341 1542 1412 celebrandum,
1579 1342 1672 1397 cui
1712 1342 1801 1396 lac
1835 1343 1986 1411 quod
2022 1356 2097 1397 ex
2144 1342 2421 1413 caprifico
2457 1342 2660 1399 manat

317 1433 565 1506 propter
592 1433 944 1489 memoriam
978 1431 1119 1489 facti
1151 1431 1555 1503 praecedentis
1587 1430 1916 1487 adhibetur.
1957 1447 1989 1481 »

398 1621 459 1683 N
465 1620 862 1683 arrationem
921 1619 1096 1681 hanc
1157 1620 1640 1681 Varronianam
1701 1636 1845 1682 esse
1903 1636 2064 1698 pene
2108 1623 2321 1685 Varro
2361 1624 2501 1700 ipse
2537 1636 2662 1685 nos

320 1726 543 1789 monet
580 1727 652 1787 in
692 1728 763 1788 L.
807 1729 875 1786 L.
920 1728 1022 1788 VI.
1062 1710 1162 1799 18,
1191 1725 1302 1786 ubi
1331 1741 1480 1786 cum
1507 1726 1586 1787 de
1613 1725 2032 1788 Fidenatibus
2064 1727 2337 1804 aliisque
2361 1726 2662 1790 finitimis

319 1823 578 1888 locutus
618 1824 726 1897 sit,
767 1824 877 1902 qui
926 1823 1235 1884 adversus
1295 1827 1571 1885 Romam
1611 1824 2145 1896 coniuraverant‚
2207 1825 2374 1886 haec
2417 1825 2665 1886 adiecit

321 1945 359 1981 a<
400 1923 483 1984 de
520 1922 752 2000 quibus
791 1921 985 1984 rebus
1023 1920 1512 1999 Antiquitatum
1553 1922 1709 1984 libri
1751 1923 1946 2000 plura
1974 1923 2271 1988 referunt
2298 1946 2354 2002 ιι»,
2384 1941 2661 2004 moxque

318 2023 544 2084 Nonas
578 2020 971 2098 Caprotinas
1013 2021 1207 2098 atque
1253 2020 2028 2083 mulierum'sacrificium
2058 2022 2178 2084 sub
2206 2022 2511 2102 caprifico
2553 2039 2664 2100 pe-

320 2121 678 2198 ragendum
716 2120 1268 2182 commemoravit.
1311 2121 1647 2181 Lacunam
1690 2134 1858 2195 quae
1899 2119 2052 2182 ibid.
2105 2122 2399 2199 sequitur
2444 2121 2660 2183 locum

321 2234 656 2297 occupare,
700 2219 773 2280 in
811 2235 936 2296 quo
975 2218 1052 2279 de
1092 2217 1429 2281 Philotidis
1471 2219 1573 2279 vel
1603 2218 1886 2280 Tutulae
1934 2219 2126 2281 rebus
2169 2222 2371 2296 gestis
2415 2220 2664 2282 mentio

325 2318 488 2395 erat,
533 2317 901 2394 suspicatur
941 2316 1288 2378 Muellerus
1329 2317 1401 2377 in
1451 2315 1631 2390 nota,
1687 2315 1754 2378 et
1801 2316 2123 2379 Niebubri
2188 2320 2257 2378 T.
2320 2319 2378 2378 II
2440 2335 2502 2395 p.
2543 2316 2663 2376 641

321 2416 727 2478 contrariam
769 2415 1131 2493 opinionem
1159 2415 1346 2477 velut
1372 2414 1859 2492 improbabilem
1903 2417 2114 2479 reicit.
2143 2416 2229 2479 Et
2256 2434 2341 2479 ex
2370 2418 2663 2478 Varrone

322 2512 546 2591 procul
589 2512 778 2575 dubio
819 2528 964 2575 eam
993 2512 1286 2575 fabulam
1327 2513 1552 2576 hausit
1594 2513 1986 2576 Plutarchus
2021 2516 2134 2593 qui
2174 2517 2246 2577 in
2288 2514 2543 2577 Romul.
2586 2511 2669 2571 29

327 2610 395 2673 et
436 2610 689 2673 Camill.
731 2610 812 2668 33
849 2607 1205 2686 &spamivav
1245 2607 1580 2670 Τουτούλαν
1620 2606 1668 2679 ἡ*
1699 2609 2002 2673 Φιλωτὶδα.
2028 2613 2456 2691 commendat,
2480 2614 2548 2675 et
2587 2612 2667 2674 de

324 2711 533 2772 Nonis
573 2711 944 2789 Caprotinis
982 2711 1055 2773 in
1095 2711 1350 2773 Romul.
1391 2712 1506 2774 loc.
1548 2713 1654 2774 cit.
1699 2712 1801 2774 ita
1838 2712 2091 2775 scribit:
2133 2713 2253 2774 Καὶ
2295 2711 2666 2785 Καπρατῖναι

323 2807 426 2888 μὲν
455 2802 519 2866 αἱ
545 2809 708 2870 νῶναι
739 2809 1053 2870 καλοῦνται
1083 2806 1176 2871 διοὶ
1201 2809 1299 2869 τὸν
1343 2808 1536 2886 ἒρινεόν
1583 2807 1935 2887 καπρίφικον
1975 2804 2082 2869 ὑπὸ
2111 2804 2417 2891 Ῥωμαίων
2460 2808 2669 2891 ὄνομα·

325 2903 586 2987 ζὸμενον.
626 2908 867 2970 Eadem
908 2908 1040 2969 fere
1084 2910 1385 2971 meminit
1423 2910 1744 2972 Arnobius
1786 2912 1893 2971 ΙΙΙ.
1935 2909 2034 2984 30,
2057 2910 2164 2971 ubi
2192 2911 2322 2972 vid.
2347 2910 2479 2973 not.
2523 2910 2672 2971 Hil-

325 3006 500 3068 debr.
550 3006 1037 3084 Antiquitatum
1077 3007 1242 3068 iiber
1290 3009 1360 3070 in
1414 3024 1536 3085 quo
1589 3009 1757 3071 haec
1805 3010 2074 3072 inerant
2130 3011 2277 3072 VIII
2331 3013 2480 3071 Rer.
2523 3006 2666 3072 Diu.

325 3120 467 3166 esse
509 3103 747 3180 debuit,
791 3120 944 3165 nam
984 3104 1053 3166 et
1095 3105 1241 3166 heic
1295 3105 1373 3167 de
1428 3106 1749 3185 aliquibus
1800 3105 1984 3168 feriis
2039 3107 2277 3184 agitur,
2330 3108 2397 3169 id
2447 3107 2548 3170 est
2587 3108 2668 3170 de

328 3203 431 3267 die
471 3201 837 3280 Poplifugia
875 3202 1074 3280 deque
1114 3203 1322 3266 Nonis
1365 3204 1742 3281 Caprotinis
1783 3206 1979 3267 simul
2020 3205 2445 3269 celebrandis

395 3361 422 3410 l
456 3372 573 3412 tam
603 3363 765 3425 vulgo
798 3362 970 3427 om.P'
993 3361 1067 3427 112
1096 3373 1148 3412 et
1184 3378 1356 3413 causa
1387 3364 1446 3425 B,
1468 3365 1624 3414 Ianus
1647 3370 1702 3413 et
1741 3363 1902 3427 aliqq.
1935 3363 2052 3413 edd.
2077 3363 2150 3427 114
2181 3364 2471 3428 Beniqnae
2503 3363 2671 3427 Lugd.

331 3449 384 3493 et
416 3442 580 3506 aliqq.
612 3442 762 3491 edd.:
814 3445 880 3492 in
925 3457 1027 3491 om.
1065 3443 1248 3507 Lugd.:
1297 3447 1717 3495 conversatione
1762 3446 1805 3493 B
1828 3444 1900 3509 118
1946 3443 2347 3493 Posthumium
2394 3443 2563 3508 Lugd.
2603 3449 2672 3491 et.

331 3530 454 3574 vett.
484 3524 598 3573 edd.
615 3522 697 3588 «119
722 3525 1198 3587 matresfmiliae
1229 3525 1319 3573 BP
1350 3525 1525 3586 Ianus,
1557 3525 1724 3590 Lugd.
1760 3531 1814 3574 et
1845 3531 1961 3574 cett.
1999 3524 2116 3580 edd.
2131 3523 2162 3587 -ΙΙ
2186 3525 2244 3575 11
2278 3524 2472 3573 cucula
2503 3522 2667 3586 aliqq.

329 3602 477 3655 MSS.
503 3604 524 3667 ΙῙ
547 3602 607 3654 12
638 3604 1139 3659 &seminar-WB
1161 3605 1183 3668 ss
1205 3603 1265 3653 13
1285 3614 1467 3655 sumto
1487 3604 1588 3670 B'ss
1611 3606 1673 3654 14
1696 3604 2003 3668 lachrymis
2018 3603 2186 3668 Lugd.
2204 3610 2269 3653 et.
2286 3608 2410 3653 vett.
2426 3602 2543 3653 edd.
2557 3603 2588 3666 ³fl
2612 3600 2679 3650 15

321 3686 589 3749 plurima
617 3685 661 3734 B
698 3685 719 3749 ss
743 3685 803 3735 19
836 3686 914 3735 iis
946 3685 1007 3735 P:
1043 3685 1135 3733 his
1165 3685 1209 3733 B
1242 3692 1294 3735 et
1321 3685 1521 3749 Ianusss
1542 3685 1607 3734 20
1637 3700 1813 3745 usqae
1851 3685 1895 3734 Β
1917 3683 2021 3749 1121
2055 3693 2354 3749 coeperunt
2385 3683 2428 3731 B
2459 3690 2521 3732 ›et
2549 3687 2674 3731 vett.

333 3765 575 3830 ‘dd-RQ
600 3767 953 3831 sollepwitate
983 3766 1043 3816 P:
1080 3767 1412 3817 solennitate
1443 3766 1611 3831 Lugd.
1649 3773 1703 3815 et
1732 3773 1854 3816 vett.
1887 3764 2012 3816 edd.

1373 4062 1626 4145 XVII.

1354 4220 1432 4292 (ι.
1470 4222 1568 4277 12.
1603 4221 1663 4293 5)

408 4414 447 4455 α
482 4400 637 4456 Haec
666 4397 782 4455 fuit
815 4399 1047 4455 Romuli
1081 4400 1394 4471 ordinatio,
1418 4401 1518 4471 qui
1558 4401 1818 4472 primum
1839 4400 1973 4457 anni
2003 4412 2260 4456 mensem
2286 4396 2541 4469 genitori
2561 4411 2674 4453 suo
2769 4396 2816 4452 5

342 4489 522 4546 Marti
556 4487 788 4546 ditzavit.
819 4502 995 4559 quem
1030 4503 1290 4548 mensem
1337 4490 1471 4546 anni
1515 4491 1775 4563 primum
1823 4489 2001 4548 fixisse
2036 4489 2131 4546 vel
2166 4503 2241 4546 ex
2275 4487 2385 4545 hoc
2418 4486 2678 4544 maxime

2465 4611 2500 4665 3
