3334 5192
659 424 743 486 30

659 553 761 602 per
800 539 859 586 id
906 548 1118 601 tempus
1150 537 1318 602 Lugd.
1364 545 1417 588 et
1448 538 1611 602 aliqq.
1657 539 1774 588 edd.
1800 539 1873 603 115
1914 540 2071 590 <bena
2102 539 2161 588 P:
2200 553 2366 589 coena
2408 539 2542 589 Lud.
2589 538 2747 588 Ianus
2790 545 2843 586 et
2875 543 2994 588 vett.

662 619 778 670 edd.
803 620 876 683 116
908 621 997 668 dei
1028 634 1130 668 om.
1168 620 1240 668 B':
1279 620 1340 669 di
1373 621 1432 669 P:
1469 635 1566 670 ‘neo
1599 621 1659 669 P:
1697 636 1829 670 mox
1865 622 2055 684 templo
2088 620 2255 687 Lugd.
2303 629 2356 670 et
2388 620 2550 684 aliqq.
2585 621 2698 670 edd.
2723 619 2796 684 {18
2828 620 2881 668 ei
2912 617 2991 668 B':

660 708 898 762 sequuta
920 710 1313 763 assumptaque
1346 700 1405 750 P:
1431 710 1760 763 sumptaque
1782 700 1947 765 Lugd.
1975 706 2026 749 et
2048 707 2169 750 vett.
2201 701 2340 760 edd,:
2367 702 2387 765 ss
2411 701 2466 750 11
2491 701 2709 762 sculpta
2732 708 2812 748 est
2830 698 2997 763 Lugd.

661 785 713 828 et
744 785 864 829 vett.
901 780 1033 829 edd.:
1069 781 1302 844 solle'pnc
1334 780 1394 829 P:
1432 781 1650 830 solenne
1694 780 1859 845 Lugd.
1889 787 1941 830 et
1971 786 2093 831 vett.
2125 781 2240 832 edd.
2265 782 2285 845 11
2310 780 2369 829 12
2401 782 2538 830 Diis
2582 779 2747 844 Lugd.
2783 785 2835 828 et
2874 785 2994 828 vett.

659 860 774 910 edd.
799 861 820 924 [Ι
845 859 904 910 13
935 861 1079 923 quia
1110 862 1590 912 existimaverunt
1622 861 1788 926 Lugd.
1826 868 1877 911 et
1908 861 2072 925 aliqq.
2109 862 2228 912 edd.

1724 1115 1934 1215 X111.

1650 1272 1728 1341 (Ι.
1768 1274 1863 1329 10.
1902 1272 1997 1343 19)

730 1465 768 1506 «
811 1453 986 1506 Deam
1041 1451 1219 1520 Opem
1273 1452 1508 1507 Saturni
1563 1451 1866 1522 coniugem
1918 1451 2290 1508 crediderunt
2343 1453 2405 1508 et
2461 1451 2588 1508 ideo
2636 1452 2745 1508 hoc
2798 1466 2995 1509 menso
3047 1450 3119 1504 19

659 1541 966 1612 (Ianuario)
987 1540 1317 1596 Saturnalia
1340 1540 1594 1610 itemque
1618 1540 1821 1612 Opalia
1836 1539 2139 1607 celebrari,
2159 1555 2271 1611 quo
2290 1540 2574 1598 Saturnus
2595 1542 2830 1610 eiusque
2845 1554 2996 1597 uxor

656 1630 782 1686 tam
816 1629 1052 1699 frugum
1098 1645 1273 1700 quam
1317 1629 1612 1686 fructuum
1660 1631 1997 1702 repertores
2050 1644 2180 1687 esse
2225 1629 2556 1689 credantur.
2606 1630 2802 1699 itaque
2838 1629 2996 1686 omni

659 1719 778 1776 iam
813 1719 934 1774 fetu
968 1732 1248 1789 agrorum
1283 1718 1485 1775 coacto
1520 1718 1596 1775 ab
1632 1718 1959 1776 hominibus
1995 1718 2103 1774 hos
2138 1718 2278 1775 deos
2313 1719 2426 1774 coli
2474 1719 2639 1788 quasi
2676 1718 2836 1778 vitae
2868 1717 2995 1774 cul-

661 1808 834 1866 tioris
870 1809 1156 1865 auctores.
1194 1825 1225 1860 ›

739 2034 824 2096 Ut
862 2035 1073 2096 locum
1115 2033 1310 2095 istum
1352 2034 1637 2094 Varroni
1679 2033 1988 2110 tribuam,
2026 2033 2257 2095 auctor
2285 2032 2447 2093 mihi
2481 2031 2580 2093 est
2606 2033 2817 2094 Varro
2859 2031 2994 2108 ipse

659 2134 770 2211 qui
810 2134 882 2193 in
923 2135 992 2193 L.
1036 2135 1107 2193 L.
1148 2133 1253 2192 VI.
1293 2129 1375 2188 22
1414 2132 1579 2193 haec
1605 2131 1683 2193 de
1712 2130 1896 2191 seriis
1926 2132 2171 2208 reponit
2213 2152 2249 2187 «
2278 2130 2664 2193 Saturnalia
2705 2129 2886 2191 dicta
2915 2129 2996 2190 ab

656 2232 962 2306 Saturne,
1004 2231 1171 2307 quod
1213 2245 1287 2292 eo
1328 2230 1432 2290 die
1473 2229 1682 2291 seriae
1725 2231 1883 2302 eiuS,
1926 2230 2003 2292 ut
2043 2230 2189 2308 post
2229 2230 2398 2292 diem
2450 2230 2722 2291 tertium
2766 2229 2997 2306 Opalia

659 2329 799 2406 opis
842 2350 896 2387 ».
943 2329 1298 2389 Saturnum
1344 2329 1413 2391 et
1472 2330 1664 2405 Opem
1722 2329 1984 2405 putatos
2036 2327 2234 2390 fuisse
2276 2328 2570 2390 homines
2616 2328 2811 2404 atque
2853 2328 2995 2389 ideo

660 2425 1028 2502 repertores
1076 2425 1333 2502 frugum
1389 2425 1456 2488 et
1514 2424 1847 2488 fructuum
1896 2427 2311 2489 existimatos
2360 2428 2572 2489 Varro
2635 2425 2995 2488 certissime

658 2522 947 2599 tradidit,
992 2523 1045 2582 si
1091 2522 1277 2583 fldem
1340 2523 1653 2584 habemus
1710 2524 2056 2587 Lactantio
2097 2524 2206 2603 qui
2248 2527 2296 2584 Ι.
2358 2523 2433 2583 13
2481 2525 2659 2587 inter
2715 2541 2844 2602 eos,
2885 2525 2997 2602 qui

656 2622 1007 2684 Saturnum
1037 2623 1364 2685 hominem
1385 2623 1584 2684 fuisse
1604 2621 1957 2684 memoriae
1987 2623 2423 2700 prodiderunt,
2454 2624 2657 2686 etiam
2686 2625 2997 2686 Nostrum

658 2723 972 2784 recenset.
1029 2725 1164 2782 Hoc
1221 2725 1435 2784 autem
1490 2737 1621 2783 non
1672 2720 1774 2784 ita
1827 2722 1927 2785 est
1987 2722 2481 2799 intelligendum
2547 2739 2625 2784 ac
2684 2725 2741 2783 si
2783 2724 2994 2784 Varro

658 2821 956 2882 Evemeri
997 2820 1327 2882 doctrinas
1368 2819 1689 2897 professus
1738 2819 1910 2882 esset
1962 2821 2144 2881 circa
2197 2820 2366 2897 deOS,
2431 2820 2508 2882 ut
2546 2820 2997 2881 Franckenius

653 2937 753 2997 op.
796 2920 901 2982 cit.
944 2937 1003 2997 p.
1045 2917 1159 2978 119
1200 2919 1398 2979 nimis
1444 2918 1683 2982 leviter
1745 2919 2129 2981 arbitratur:
2173 2920 2544 2997 opinionem
2586 2918 2785 2981 istam
2828 2919 2998 2979 sicut

657 3019 727 3080 et
767 3019 1017 3080 ceteras
1057 3017 1380 3079 Reatinus
1424 3011 1699 3095 scriptor
1739 3034 1919 3080 more
1965 3035 2081 3079 suo
2123 3033 2253 3079 non
2281 3010 2568 3080 reticuit.
2610 3019 2807 3094 Opem
2849 3033 2997 3078 con-

659 3116 873 3192 iugem
916 3116 1187 3178 Saturni
1226 3115 1470 3177 dictam
1498 3116 1697 3176 fuisse
1725 3116 1915 3178 notat
1955 3115 2185 3177 Festus
2230 3133 2326 3192 ap.
2375 3115 2652 3177 Paulum
2696 3114 2803 3175 lib.
2845 3116 2997 3177 XIII

657 3229 718 3289 p.
763 3212 877 3270 187
918 3213 1127 3273 Muel.:
1171 3213 1345 3273 hunc
1371 3213 1564 3274 deum
1591 3213 1889 3274 culturae
1920 3230 2227 3290 agrorum
2258 3214 2627 3291 praesidere
2656 3214 2993 3286 creditum,

653 3311 723 3371 et
761 3311 940 3381 vitae
982 3310 1274 3382 cultioris
1315 3310 1616 3373 habitum
1657 3310 1762 3373 vel
1809 3311 2158 3385 auctorem,
2212 3313 2556 3391 scriptores
2598 3327 2823 3372 omnes
2864 3327 2996 3372 uno

654 3423 769 3468 ore
811 3407 1220 3480 confirmant3
1263 3408 1441 3470 inter
1479 3424 1637 3486 quos
1680 3410 1840 3470 mihi
1870 3393 1978 3471 sat
2019 3411 2119 3473 est
2147 3411 2518 3472 meminisse
2549 3411 2806 3487 Dionys,
2849 3409 2990 3471 Hal.

656 3508 728 3565 A.
778 3508 850 3566 R.
906 3509 951 3567 I.
1000 3505 1095 3578 38,
1154 3505 1486 3568 Plutarch.
1545 3509 1805 3574 Quaest.
1860 3512 2042 3570 Rom.
2098 3507 2195 3586 42,
2237 3509 2473 3571 Arnob.
2528 3511 2632 3570 VI.
2694 3507 2788 3586 12,
2844 3507 2993 3569 Isid.

654 3605 829 3680 Orig.
870 3606 1035 3665 VIII.
1082 3604 1174 3665 11.
1218 3603 1314 3666 32.
1356 3605 1550 3667 Liber
1592 3607 1661 3668 in
1704 3624 1827 3684 quo
1868 3609 2256 3672 Saturnalia
2299 3614 2490 3688 atque
2530 3609 2763 3687 Opalia
2805 3624 2997 3686 expo-

656 3701 982 3763 nebantur
1025 3705 1170 3764 VIII
1211 3707 1362 3767 Rer.
1403 3705 1548 3770 Div.
1592 3708 1760 3785 erat,
1799 3708 1908 3770 ubi
1951 3709 2028 3770 de
2068 3707 2267 3770 feriiS.

719 3852 752 3898 4
782 3851 934 3913 foetu
976 3851 1140 3916 Lugd.
1179 3857 1231 3902 et
1263 3860 1383 3904 vett.
1421 3854 1556 3904 edd.:
1592 3854 1932 3906 cultioribus
1963 3855 2065 3920 13⁰1]
2087 3856 2119 3906 5
2152 3865 2377 3906 autores
2398 3856 2565 3929 Lugd.
2614 3862 2667 3907 et
2689 3862 2814 3905 vett.
2862 3856 2979 3906 edd.

1722 4088 1932 4168 XIV.
1970 4073 2008 4109 ·

1651 4243 1729 4316 (1.
1769 4245 1865 4300 10.
1903 4244 2000 4315 20)

726 4417 761 4460 «
795 4404 948 4469 Quos
983 4405 1164 4461 etiam
1203 4404 1536 4478 (Saturnum
1574 4405 1636 4461 et
1671 4405 1869 4476 Opem)
1907 4421 2017 4462 non
2042 4407 2215 4464 nullis
2238 4409 2463 4465 caelum
2500 4424 2569 4466 ac
2605 4411 2829 4467 terram
2865 4423 2995 4467 esse
3047 4409 3134 4465 20

657 4506 1000 4560 persuasum
1035 4509 1164 4551 esse
1199 4494 1624 4565 Saturnumque
1656 4510 1695 4552 a
1732 4496 1865 4552 satu
1902 4495 2123 4554 dictum
2159 4499 2322 4556 cuius
2366 4514 2542 4557 causa
2579 4499 2650 4557 de
2684 4501 2844 4557 caelo
2879 4503 2990 4571 est,
