3334 5192
647 385 729 447 48

647 506 907 579 nianus,
952 502 1194 579 aliique
1235 500 1588 577 scriptores
1632 514 1675 559 a
1713 496 2046 561 Macrobio
2084 493 2429 571 nominati,
2459 494 2589 555 etsi
2616 493 2854 557 Festus
2887 509 2992 571 ap.

649 602 830 667 Paul.
872 601 985 665 lib.
1022 602 1108 663 VI
1148 617 1208 677 p.
1247 598 1328 661 86
1370 597 1594 663 Muell.
1635 611 1748 657 eas
1809 595 1975 659 dicit
2026 593 2230 657 ferias
2284 593 2426 657 sine
2475 592 2579 653 die
2621 591 2801 657 festo.
2843 593 2992 655 Non

649 701 753 763 est
791 699 997 775 igitur
1039 697 1331 759 alienum
1375 694 1458 755 ab
1497 694 1677 757 omni
1717 693 1861 755 veri
1889 691 2105 770 specie
2145 693 2511 755 Varronem
2552 689 2632 750 de
2673 689 2992 755 nundinis

650 798 859 875 egisse
898 797 971 857 in
1010 795 1178 859 libro
1218 794 1296 855 de
1336 792 1539 867 feriis,
1582 792 1649 853 id
1689 791 1794 853 est
1834 791 1908 852 in
1943 788 2085 850 VIII
2126 793 2274 851 Rer.
2316 788 2458 850 Div.

716 943 743 992 l
785 945 1082 995 Geminius
1114 942 1276 1007 Lugd.
1312 947 1362 990 et
1394 946 1512 990 vett.
1554 940 1690 990 edd:
1726 941 1932 1003 cepisse
1962 936 2007 987 P
2029 937 2103 1002 112
2135 938 2288 985 servi
2318 936 2362 985 B
2383 935 2459 1000 113
2493 937 2560 987 in
2591 950 2688 1004 pro
2721 937 2776 985 ei
2805 935 2866 986 P.

1642 1197 1994 1276 XXXIII.

1582 1352 1660 1423 (l.
1700 1354 1796 1410 18.
1835 1354 1872 1408 3
1909 1354 2058 1422 seq.)

723 1546 761 1589 ‹
793 1532 1017 1589 Boeotii
1051 1534 1407 1589 Parnassum
1431 1532 1688 1589 montem
1711 1531 1963 1604 A‘poilini
2000 1532 2297 1589 sacratum
2320 1547 2448 1589 esse
2483 1534 2880 1591 memorantes
2915 1535 2994 1592 si-

654 1621 779 1677 mul
810 1622 1005 1679 tamen
1040 1623 1100 1679 in
1122 1622 1326 1679 eodem
1349 1621 1411 1678 et
1434 1622 1738 1679 oraculum
1772 1621 2107 1692 Delphicum
2131 1623 2196 1679 et
2217 1621 2518 1693 speluncas
2551 1622 2859 1681 Bacchicas
2894 1626 2992 1681 uni

654 1711 763 1769 deo
797 1714 1163 1769 consecratas
1203 1711 1418 1782 colunt,
1471 1711 1621 1768 unde
1675 1711 1737 1767 et
1788 1708 2040 1782 Apollini
2093 1712 2157 1768 et
2207 1711 2414 1767 Libero
2462 1712 2623 1783 patri
2676 1713 2738 1769 in
2789 1713 2991 1770 eodem

652 1800 850 1857 monte
884 1815 983 1858 res
1017 1801 1073 1859 di
1082 1800 1215 1857 vina
1248 1801 1596 1858 celebratur.
1634 1799 1789 1870 quod
1835 1815 1967 1855 cum
2020 1801 2082 1856 et
2128 1803 2319 1857 Varro
2366 1801 2427 1858 et
2472 1801 2722 1859 Granius
2757 1803 2994 1860 Flaccus

656 1888 987 1960 adfirment,
1025 1889 1205 1946 etiam
1238 1889 1551 1960 Euripides
1597 1887 1782 1946 docet.
1823 1906 1856 1940 »

733 2089 915 2148 Hunc
955 2084 1169 2146 locum
1209 2083 1460 2147 frustra
1498 2099 1777 2161 quaeres
1820 2083 1891 2144 in
1932 2084 2066 2163 Bip.
2130 2086 2246 2163 ed.,
2302 2101 2510 2164 neque
2559 2087 2749 2150 video
2787 2105 2994 2167 quare

655 2185 1049 2249 omittendus
1093 2184 1260 2246 erat.
1303 2184 1371 2244 Si
1413 2184 1584 2244 enim
1637 2183 1925 2244 Granius
1984 2183 2261 2245 Flaccus
2315 2184 2484 2246 idem
2553 2187 2790 2250 asserit
2830 2188 2996 2265 quod

658 2285 888 2360 Varr0,
922 2298 1052 2344 non
1095 2282 1238 2343 ideo
1266 2282 1679 2359 consequitur
1705 2280 1828 2344 hoo
1854 2281 2297 2344 testimonium
2318 2284 2575 2346 censeri
2604 2300 2736 2346 non
2764 2285 2995 2348 debere

655 2388 733 2445 ut
782 2383 1297 2445 Varronianum.
1357 2380 1800 2445 Probabiliter
1850 2381 1919 2441 et
1968 2381 2112 2459 ipsa
2161 2381 2486 2459 Euripidis
2539 2383 2911 2457 auctoritas
2951 2402 2993 2446 a

654 2480 890 2542 Nostro
928 2479 1000 2541 in
1040 2480 1162 2543 boc
1202 2478 1341 2543 loco
1382 2478 1571 2540 velut
1607 2479 1681 2541 in
1724 2478 1945 2540 multis
1976 2478 2127 2541 aliis
2155 2479 2479 2557 usurpata
2506 2481 2627 2556 est,
2659 2481 2773 2543 sed
2794 2482 2994 2545 autu-

655 2594 837 2641 mare
875 2595 1006 2643 non
1050 2579 1273 2642 audeo.
1320 2576 1600 2656 Apollini
1640 2577 1710 2641 et
1751 2576 1986 2641 Libero
2024 2577 2205 2654 patri
2266 2593 2409 2640 rem
2449 2577 2744 2641 divinam
2793 2578 2990 2643 simul

656 2677 1046 2740 celebratam
1089 2695 1228 2739 esse
1270 2677 1605 2740 testantur
1643 2691 1893 2754 quoque
1934 2663 2307 2739 Pausanias
2345 2680 2426 2738 X.
2467 2675 2564 2750 32,
2594 2677 2991 2740 Plutarchus

656 2775 733 2837 de
773 2777 854 2837 Is.
900 2776 967 2837 et
1006 2778 1106 2837 Os.
1147 2773 1250 2852 35,
1294 2777 1605 2836 Lucanus
1665 2774 1742 2835 V.
1786 2772 1881 2851 73,
1947 2773 2243 2835 Catullus
2304 2772 2544 2850 64391,
2610 2776 2853 2854 aliique
2909 2776 2991 2841 ab

655 2876 815 2936 Iano
857 2874 940 2935 ad
979 2874 1154 2935 hunc
1193 2872 1476 2936 Macrob.
1498 2873 1617 2934 loo.
1658 2870 1928 2934 conlati.
1974 2871 2199 2940 Quoad
2239 2870 2479 2934 librum
2519 2872 2737 2950 inquo
2777 2875 2992 2936 Varro

653 2971 819 3033 haec
858 2972 1149 3050 protulit,
1196 2987 1435 3048 anceps
1496 2987 1600 3032 me
1647 2967 1833 3035 tenet
1892 2970 2242 3031 sententia:
2304 2971 2363 3033 si
2415 2971 2587 3031 enim
2629 2986 2712 3033 ea
2750 2972 2993 3050 mente,

655 3085 783 3146 qua
820 3069 1211 3145 Macrobius,
1255 3069 1366 3130 ille
1405 3070 1477 3131 id·
1512 3069 1783 3145 monuit,
1838 3068 2092 3136 scilicet
2138 3084 2262 3146 quo
2299 3068 2658 3149 Apollinem
2699 3070 2769 3131 et
2807 3069 2994 3131 Libe·

655 3184 803 3229 rum
844 3184 1051 3230 unum
1094 3170 1163 3230 et
1203 3167 1478 3230 eundem
1520 3168 1714 3230 deum
1754 3183 1894 3231 esse
1941 3168 2392 3241 demostraret,
2453 3169 2708 3230 certum
2751 3169 2855 3231 est
2892 3169 2996 3231 ita

657 3266 861 3342 egisse
903 3267 973 3328 in
1014 3268 1162 3328 XVI
1204 3270 1353 3328 Rer.
1396 3267 1536 3327 Div.
1579 3265 1690 3327 ubi
1733 3266 1810 3326 de
1851 3265 1948 3327 dis
1990 3264 2265 3338 selectis;
2294 3266 2352 3326 si
2373 3282 2528 3328 vero
2560 3265 2688 3328 alio
2720 3265 2992 3328 oonsilio

655 3364 820 3424 haec
859 3364 1137 3439 notavit,
1179 3362 1510 3440 probabile
1551 3363 1627 3425 fit
1665 3365 1739 3424 in
1777 3364 1896 3425 VII
1937 3366 2086 3425 Rer.
2140 3363 2282 3425 Div.
2336 3362 2449 3424 ubi
2502 3364 2579 3425 de
2641 3363 2803 3425 locis
2842 3363 2995 3424 reli-

657 3461 853 3538 giosis
895 3462 963 3522 et
989 3461 1153 3523 haec
1191 3461 1474 3524 notasse.

723 3599 751 3649 1
771 3601 1104 3653 Parnasum
1136 3596 1211 3664 Ρ’,
1234 3603 1410 3664 Ianus,
1434 3603 1601 3669 Lugd.
1623 3611 1675 3653 et
1694 3602 1763 3655 al.
1787 3604 1921 3655 edd.:
1947 3611 2328 3665 consecratwn
2349 3602 2515 3670 Lugd.
2552 3609 2606 3652 et
2624 3609 2747 3654 vett.
2780 3603 2896 3653 edd.
2920 3601 2995 3668 112

658 3680 911 3731 bachicas
941 3682 987 3731 P
1007 3682 1029 3747 11
1050 3681 1082 3730 3
1113 3682 1281 3732 libero
1313 3683 1480 3747 Lugd.
1513 3683 1564 3732 el
1595 3683 1666 3733 al.
1707 3684 1826 3736 edd.
1849 3683 1921 3749 114
1968 3683 2274 3734 celebratur
2319 3698 2420 3733 om.
2469 3682 2513 3731 P
2535 3682 2610 3747 115
2653 3684 2882 3747 affirm&
2915 3682 2990 3731 B':

658 3763 936 3827 affirment
964 3762 1132 3827 Lugd.
1169 3769 1220 3813 et
1250 3768 1371 3814 vett.
1393 3762 1512 3813 edd.

1646 4006 2011 4090 XXXIV.

1617 4158 1621 4163 ·
1651 4165 1730 4238 (1.
1769 4166 1866 4222 18.
1903 4164 2004 4237 15)

728 4359 767 4400 ‹
797 4341 1046 4401 Mundus
1079 4341 1279 4403 autem
1318 4343 1563 4402 vocatur
1595 4342 1841 4415 caelum,
1878 4341 2031 4414 quod
2070 4343 2366 4417 appellant
2400 4345 2613 4403 Iovem.
2650 4361 2684 4398 ν

3269 3126 3272 3143 ,
3211 2918 3273 3015 L

3052 4334 3132 4389 15
