3334 5192
2608 410 2684 473 19

338 530 511 592 runt.
551 529 718 599 Quid
757 528 931 589 enim
974 527 1210 591 melius
1252 527 1351 589 est
1390 527 1577 588 luce?
1616 527 1749 588 Alii
1792 543 1988 590 mane
2016 527 2413 592 existimant
2452 530 2683 591 vocari

341 644 381 688 a
421 627 743 699 ManibuS,
787 642 1060 702 quorum
1092 625 1505 687 conversatio
1551 641 1593 686 a
1633 625 1795 688 luna
1839 626 1921 687 ad
1948 628 2196 690 terram
2239 624 2425 690 est».
2463 627 2683 696 Quoad

338 727 546 789 locum
588 727 661 786 in
702 740 829 803 quo
867 725 1079 785 Varro
1132 724 1298 786 haec
1353 724 1589 800 docuit,
1632 725 1859 802 nequit
1912 723 2205 786 dubitari
2259 725 2327 786 id
2366 727 2576 802 egisse
2618 726 2683 787 in

339 826 505 888 libro
544 824 623 886 de
681 823 924 897 diebus»,
984 838 1172 900 quem
1222 837 1420 900 supra
1470 823 1756 886 vidimus
1805 825 1954 885 XIV
2007 826 2156 884 Rer.
2214 824 2406 885 Hum.
2449 823 2686 886 existi-

341 921 651 984 mandum
693 937 848 982 esse.
890 919 1205 997 Arguitur
1248 920 1449 983 etiam
1493 937 1577 982 ex
1617 920 1731 984 cit.
1773 920 1892 983 loc.
1935 921 2010 982 de
2038 923 2109 981 L.
2152 923 2224 982 L.
2252 921 2364 983 ubi
2409 943 2445 978 «
2486 938 2685 983 mane

340 1021 475 1083 diei
515 1019 907 1096 principium
948 1039 985 1076 »
1030 1018 1333 1096 appellat,
1375 1019 1444 1081 et
1480 1019 1944 1097 consequenter
1970 1019 2047 1081 de
2088 1019 2494 1082 ceteris'diei
2533 1035 2682 1097 par-

342 1120 518 1183 tibus
561 1119 717 1195 agit.
759 1118 1044 1179 Eundem
1086 1117 1378 1179 ordinem
1419 1118 1645 1181 servat
1675 1118 2067 1180 Censorinus
2095 1117 2173 1178 de
2199 1117 2306 1180 die
2349 1117 2486 1180 nat.
2526 1136 2578 1177 c.
2604 1116 2686 1175 24

342 1219 526 1280 circa
565 1217 944 1280 divisionem
987 1216 1116 1278 diei
1159 1216 1394 1278 civilis.

408 1374 433 1423 1
461 1375 740 1439 inferibus
764 1374 898 1424 locis
921 1375 980 1423 B:
1011 1375 1145 1423 locis
1169 1389 1267 1424 om.
1289 1374 1546 1437 Eyssenh.
1571 1373 1591 1437 ss
1612 1372 1644 1422 2
1664 1373 1887 1423 homine
1903 1373 1945 1423 B
1969 1372 1990 1438 fl
2011 1372 2042 1421 3
2058 1372 2288 1424 lanubiz‘
2303 1374 2365 1422 P:
2385 1373 2689 1424 Lanubini

342 1453 574 1505 B'lanus
599 1461 651 1504 et
671 1453 832 1520 aliqq.
857 1455 997 1504 edd.:
1032 1468 1201 1503 mane
1233 1468 1331 1503 om.
1368 1452 1412 1502 P
1435 1453 1455 1517 ss
1476 1455 1507 1502 4
1543 1455 1777 1504 inmame
1809 1455 2070 1504 inmanis
2090 1454 2176 1503 vel
2199 1456 2436 1504 inmane
2455 1455 2614 1504 Ianus
2639 1460 2690 1503 et

339 1533 503 1599 aliqq.
551 1535 665 1585 edd.
690 1536 764 1599 115
796 1544 1014 1584 caetera
1045 1534 1214 1598 Lugd.
1263 1540 1315 1583 et
1346 1539 1467 1583 vett.
1500 1533 1635 1583 edd.:
1671 1547 1789 1584 non
1812 1549 1923 1598 pro
1956 1533 2090 1584 bono
2122 1530 2227 1583 BP'
2257 1540 2312 1584 ct
2334 1534 2499 1599 aliqq.
2535 1532 2683 1584 MSS.

1454 1813 1588 1893 ΠΙ.

1358 1967 1435 2041 (1.
1472 1966 1527 2027 4.
1576 1967 1675 2041 14)

417 2167 450 2203 ι
485 2148 826 2220 Floralium,
864 2165 976 2206 non
1011 2147 1399 2205 Floraliorum
1434 2148 1540 2216 ait,
1578 2147 1891 2205 cumidem
1930 2147 2164 2220 (Varro)
2202 2163 2315 2205 non
2350 2146 2518 2206 ludos
2553 2148 2687 2206 Flo-

344 2239 504 2297 rales
550 2238 692 2311 illic,
728 2238 831 2296 sed
866 2239 1060 2310 ipsum
1096 2238 1309 2294 festum
1345 2234 1599 2294 Floralia
1635 2238 2006 2310 significaret.
2041 2252 2079 2294 x·

421 2510 598 2573 Inest
638 2509 709 2571 in
749 2510 887 2586 Bip.
931 2509 1008 2570 ed
1048 2526 1106 2587 p.
1147 2508 1288 2570 371.
1329 2510 1735 2575 Pertinuisse
1799 2509 2015 2572 autem
2068 2510 2149 2572 ad
2201 2507 2689 2586 Antiquitatum

342 2610 541 2672 libros
587 2609 1133 2686 argumentamur
1172 2625 1256 2670 ex
1308 2609 1449 2686 ipso
1504 2608 1855 2685 Macrobio,
1910 2609 2023 2685 qui
2084 2624 2234 2670 cum
2275 2607 2573 2685 superius
2615 2607 2692 2669 de

345 2708 602 2771 Feralio
652 2708 755 2770 die
809 2723 1010 2784 agens
1050 2708 1263 2770 locum
1302 2706 1619 2770 Varronis
1661 2725 1699 2769 e
1740 2710 1810 2768 L.
1855 2709 1926 2767 L.
1968 2708 2073 2768 VI.
2132 2706 2206 2764 13
2248 2707 2691 2784 depromptum

351 2806 665 2881 attulerit,
694 2805 804 2867 hic
832 2822 987 2868 vero
1016 2806 1310 2868 Floralia
1339 2823 1703 2869 memorans
1736 2807 1975 2870 adiecit
2017 2828 2053 2863 «
2086 2805 2245 2868 alibi
2274 2827 2311 2863 »
2354 2804 2693 2883 (subintel-

350 2902 478 2978 lige
520 2925 555 2959 «
582 2904 676 2966 ait
713 2906 922 2966 Varro
951 2901 1034 2983 »).
1077 2904 1437 2966 Floralium
1490 2904 1661 2967 diem
1702 2906 2050 2982 quotannis
2091 2920 2336 2981 magna
2385 2902 2693 2965 solemni-

348 3001 491 3063 tate
530 3000 728 3063 fuisse
770 3001 1171 3065 celebratum
1214 3001 1515 3063 discimus
1569 3003 1904 3083 abovidio
1955 3003 2131 3065 Fast.
2160 3005 2264 3065 IV.
2293 2999 2430 3074 947,
2483 3000 2564 3062 ab
2592 3003 2696 3061 Iu-

345 3099 523 3160 stino
563 3100 785 3161 XLIII.
827 3098 884 3178 4,
927 3115 1049 3161 neo
1089 3116 1221 3162 non
1263 3100 1330 3162 et
1361 3116 1401 3161 a
1442 3099 1675 3176 Plinio,
1717 3104 1827 3179 qui
1855 3103 1934 3164 N.
1977 3105 2054 3164 H.
2083 3103 2291 3164 XVIII
2330 3103 2371 3178 g
2408 3099 2530 3159 286
2571 3100 2696 3163 hoo

346 3196 587 3260 festum
636 3197 732 3259 ait
774 3198 1148 3261 institutum
1192 3200 1305 3259 IV⁰
1344 3199 1679 3261 Kalendas
1719 3200 1882 3262 Maii
1941 3216 2113 3264 anno
2140 3201 2342 3261 DXVI
2373 3220 2409 3256 «
2439 3215 2523 3261 ex
2550 3215 2696 3261 ora-

345 3296 513 3358 culis
555 3295 858 3373 Sibyllae,
915 3298 991 3357 ut
1037 3298 1259 3359 omnia
1298 3297 1458 3360 bene
1499 3299 1921 3363 deflorescent
1956 3320 2016 3374 »,
2055 3299 2124 3361 et
2169 3298 2340 3359 diem
2382 3298 2697 3360 Varronis

349 3394 749 3458 auctoritate
813 3394 1224 3458 determinat.
1285 3397 1567 3474 Cumque
1624 3397 1826 3474 igitur
1886 3398 2033 3461 heic
2093 3397 2171 3458 de
2226 3396 2452 3458 diebus
2508 3396 2696 3459 festis

350 3494 607 3570 agatur,
648 3508 776 3570 quo
818 3492 984 3554 libro
1026 3492 1103 3553 de
1142 3493 1449 3556 Floraliis
1488 3497 1700 3557 Varro
1750 3496 2133 3558 disseruerit
2173 3510 2419 3570 magna
2468 3494 2697 3571 proba-

348 3592 607 3654 bilitate
647 3590 883 3652 inferri
924 3592 1153 3668 potest.
1195 3593 1543 3669 Augustini
1584 3594 1789 3655 verba
1837 3595 1915 3656 de
1956 3593 2079 3655 civ.
2128 3594 2243 3654 Dei
2286 3594 2391 3655 VI.
2433 3592 2474 3651 3
2512 3592 2696 3669 prius

352 3690 642 3764 afferam,
684 3704 810 3768 quo
850 3692 1173 3752 Varronis
1214 3694 1365 3753 Rer.
1408 3692 1547 3754 Div.
1591 3692 1906 3756 librorum
1947 3690 2249 3775 οἰκονομίαι
2276 3692 2346 3756 et
2385 3693 2694 3755 materies

348 3786 574 3865 palam
614 3787 797 3851 fiant.
838 3810 877 3846 ›1‹
922 3791 999 3850 In
1045 3789 1290 3851 divinis
1343 3789 1693 3853 identidem
1749 3792 1942 3853 rebus
1983 3793 2208 3854 eadem
2255 3792 2338 3853 ab
2378 3790 2492 3851 illo
2532 3788 2697 3850 divi-

351 3886 556 3948 sionis
616 3885 829 3949 sorma
889 3889 1158 3950 servata
1212 3888 1332 3965 est,
1388 3889 1709 3965 quantum
1770 3889 2012 3953 attinet
2072 3890 2152 3951 ad
2208 3905 2291 3951 ea
2343 3902 2511 3965 quae
2571 3886 2697 3948 diis

351 3983 720 4046 exhibenda
779 3989 950 4047 sunt.
1010 3986 1406 4048 exhibentur
1467 3986 1644 4047 enim
1711 3986 1792 4047 ab
1851 3987 2223 4049 hominibus
2279 3987 2349 4048 in
2411 3984 2571 4046 locis
2632 3988 2699 4045 et

351 4081 750 4159 temporibus
792 4098 1002 4145 sacra.
1043 4082 1208 4145 haec
1247 4084 1532 4161 quatuor
1569 4100 1737 4161 quae
1779 4085 1917 4147 dixi
1957 4085 2158 4147 libris
2183 4083 2556 4162 complexus
2598 4083 2700 4146 est

351 4181 579 4257 ternis,
624 4195 782 4243 nam
832 4181 968 4244 tres
1030 4181 1279 4261 priores
1338 4182 1416 4243 de
1475 4182 1844 4246 hominibus
1896 4185 2176 4262 scripsit,
2237 4181 2579 4260 sequentes
2620 4180 2698 4242 de

353 4279 535 4352 lociS‚
577 4278 809 4343 tertios
849 4278 927 4340 de
973 4280 1388 4357 temporibuS,
1446 4282 1715 4358 quartos
1769 4282 1847 4343 de
1901 4282 2129 4359 sacris„
2193 4279 2397 4343 etiam
2439 4280 2547 4340 hic
2586 4280 2697 4356 qui

355 4376 730 4453 exhibeant,
795 4376 907 4438 ubi
965 4378 1195 4440 exhibe
1205 4379 1340 4457 ant,
1383 4380 1641 4456 quando
1686 4381 2058 4458 exhibeant,
2122 4379 2274 4459 quid
2324 4378 2697 4456 exhibeant,

353 4474 792 4538 subtilissima
846 4474 1265 4540 distinctione
1318 4479 1798 4567 commendans,
1852 4480 1960 4542 sed
2015 4477 2169 4557 quia
2223 4477 2565 4557 oportebat
2603 4480 2704 4540 di-

2743 2148 2816 2204 14
