3334 5192
249 1819 299 1861 10

2620 424 2701 486 29

1448 663 1619 741 XII.

1262 819 1354 892 ·(1.
1395 819 1493 875 10.
1532 819 1606 874 12
1643 819 1798 888 sqq.)

430 1017 462 1053 ‹
496 1000 710 1056 Ferunt
745 1000 1026 1071 regnante
1060 1000 1214 1055 Anco
1252 996 1551 1055 aedituum
1587 997 1853 1054 Herculis
1877 1011 1985 1068 per
2008 998 2183 1054 ferias
2209 998 2491 1054 otiantem
2526 998 2695 1063 deum
2753 1005 2827 1059 12

356 1091 598 1148 tesseris
631 1104 985 1161 provocasse
1020 1088 1148 1159 ipso
1197 1088 1499 1156 utriusque
1545 1101 1783 1143 manum
1840 1087 2056 1158 tuente,
2107 1087 2334 1144 adiecta
2368 1087 2696 1144 condicione

354 1181 426 1237 ut
458 1180 650 1237 victus
665 1194 806 1235 cena
829 1180 1134 1248 scortoque
1158 1176 1530 1233 multaretur.
1563 1176 1789 1233 victore
1812 1177 2007 1246 itaque
2030 1177 2273 1233 Hercule
2297 1178 2460 1233 illum
2486 1180 2694 1234 Accam
2751 1182 2826 1236 13

354 1270 709 1338 Larentiam,
745 1267 1169 1325 nobilissimum
1206 1267 1267 1324 id
1303 1267 1590 1338 temporis
1628 1267 1911 1337 scortum,
1950 1267 2109 1325 intra
2142 1268 2345 1325 aedem
2391 1269 2695 1327 inclusisse

353 1375 485 1417 cum
519 1374 660 1416 cena
693 1372 931 1428 eamque
954 1358 1192 1428 postero
1219 1356 1313 1412 die
1335 1355 1634 1413 distulisse
1658 1370 1959 1411 rumorem
1984 1357 2136 1426 quod
2158 1358 2297 1428 post
2329 1357 2691 1415 concubitum

355 1449 449 1507 dei
483 1448 800 1519 accepisset
823 1461 1052 1517 munus,
1080 1461 1150 1503 ne
1175 1445 1547 1504 commodum
1582 1445 1813 1516 primae
1850 1445 2167 1502 occasionis
2203 1461 2333 1502 cum
2360 1461 2421 1503 se
2457 1446 2693 1503 domum

354 1539 660 1611 reciperet,
687 1537 1009 1594 offerendae
1031 1536 1465 1607 aspernaretur.
1485 1537 1746 1592 evenisse
1764 1534 1956 1604 itaque
1973 1536 2038 1592 ut
2056 1550 2295 1607 egressa
2318 1536 2537 1609 templo
2557 1552 2694 1593 mox
2749 1536 2825 1591 14

354 1645 390 1687 a
405 1628 644 1687 Ca'rutio
658 1627 829 1700 capto
853 1627 975 1683 eius
992 1624 1420 1697 pulchritudine
1437 1624 1906 1696 compellaretur.
1931 1625 2094 1681 cuius
2111 1625 2475 1682 voluntatem
2496 1627 2695 1683 secuta

351 1719 771 1790 adsumptaque
817 1716 1035 1788 nuptiis
1084 1717 1224 1786 post
1278 1713 1501 1771 obitum
1556 1714 1675 1771 viri
1728 1715 1988 1770 omnium
2041 1713 2322 1770 bonorum
2369 1714 2493 1770 eius
2539 1715 2694 1772 facta

349 1822 606 1879 compos,
643 1821 776 1863 cum
811 1805 1132 1876 decederet,
1181 1806 1461 1877 populum
1516 1806 1845 1861 Romanum
1898 1806 2251 1877 nuncupavit
2303 1805 2592 1862 heredem.
2629 1809 2692 1864 et
2746 1804 2822 1859 15

349 1897 482 1954 ideo
516 1897 590 1953 ab
624 1899 778 1953 Anco
814 1896 874 1951 iu
908 1894 1158 1952 Velabro
1183 1896 1310 1951 loco
1332 1893 1711 1951 celeberrimo
1748 1894 1911 1951 urbis
1949 1895 2180 1965 sepulta
2201 1895 2296 1951 est
2317 1910 2388 1952 ac
2412 1895 2691 1952 sollemne

352 1984 700 2044 sacrificium
748 1983 935 2040 eidem
981 1982 1385 2052 constitutum,
1440 1996 1553 2052 quo
1600 1983 1695 2039 dis
1740 1983 2006 2040 Manibus
2063 1984 2190 2040 eius
2234 1996 2343 2055 per
2393 1983 2687 2041 flaminem
2791 2043 2802 2057 Ι

353 2074 803 2143 sacrificaretur,
840 2072 1072 2141 Iovique
1124 2071 1304 2128 feriae
1339 2072 1742 2143 consecratae,
1780 2072 1931 2142 quod
1966 2071 2432 2130 aestimaverunt
2466 2073 2690 2143 antiqui

350 2165 576 2222 animas
611 2178 648 2220 a
682 2166 816 2220 love
851 2163 980 2219 dari
1018 2162 1081 2218 et
1113 2175 1320 2219 rursus
1354 2162 1495 2233 post
1527 2162 1787 2219 mortem
1821 2162 2010 2219 eidem
2044 2161 2226 2221 reddi.
2264 2178 2298 2214 »

428 2422 593 2484 Tota
633 2421 798 2482 haec
852 2421 1133 2483 historia
1198 2420 1278 2482 ab
1318 2420 1683 2496 Augustino
1724 2419 2050 2498 descripta
2104 2421 2204 2484 est
2263 2421 2334 2482 in
2376 2422 2512 2484 Oiv.
2575 2423 2687 2484 Dei

345 2522 449 2583 VI.
492 2520 550 2594 7,
590 2521 699 2597 qui
744 2536 829 2580 ex
868 2521 1164 2580 Varrone
1207 2519 1428 2597 procul
1472 2518 1664 2580 dubio
1712 2518 2057 2582 transtulit
2098 2521 2168 2581 in
2202 2537 2341 2594 sua,
2392 2522 2688 2597 quamvis

348 2618 409 2679 id
452 2618 780 2696 conceptis
826 2618 1040 2678 verbis
1080 2633 1212 2679 non
1244 2615 1564 2680 fateatur.
1605 2619 1690 2680 Et
1714 2619 1998 2679 Varroni
2028 2634 2174 2679 eam
2205 2618 2440 2681 tribuit
2477 2622 2689 2682 Fran-

347 2716 620 2777 ckenius
663 2716 733 2777 in
773 2715 1083 2792 opusculo
1111 2732 1227 2776 suo
1257 2736 1291 2771 «
1319 2713 1710 2777 Dissertatio
1738 2715 2044 2777 literaria
2069 2715 2484 2792 inauguralis
2505 2717 2689 2777 exhi-

348 2816 503 2876 bens
554 2814 927 2891 fragmenta
978 2814 1063 2874 M.
1106 2816 1251 2875 Ter.
1309 2814 1629 2875 Varronis
1686 2830 1854 2891 quae
1896 2814 2321 2877 inveniuntur
2376 2816 2446 2876 in
2501 2815 2686 2876 libris

346 2915 408 2973 S.
449 2913 793 2988 Augustini
835 2912 911 2973 de
951 2911 1131 2974 civit.
1175 2911 1292 2972 Dei
1333 2912 1449 2989 etc,
1492 2912 1693 2987 Lugd.
1751 2912 1986 2976 Batav.
2046 2910 2200 2973 1836
2243 2933 2278 2969 »
2321 2930 2379 2990 p.
2438 2913 2515 2972 45
2556 2931 2685 2991 sqq.

344 3011 431 3074 Et
474 3012 555 3074 ad
593 3029 738 3073 eam
780 3012 1033 3089 quidem
1073 3012 1341 3090 respicit
1382 3012 1616 3077 Noster
1645 3014 1716 3074 in
1760 3016 1831 3075 L.
1874 3015 1943 3072 L.
1972 3014 2078 3074 VI.
2117 3011 2199 3070 23
2240 3030 2331 3091 sq.
2372 3031 2520 3074 cum
2562 3014 2688 3075 La-

342 3109 634 3173 rentinal
679 3112 1019 3188 memorat,
1063 3110 1134 3171 in
1175 3127 1300 3187 quo
1354 3110 1512 3187 loc0,
1569 3110 1646 3172 ut
1691 3109 2045 3170 Muellerus
2103 3111 2311 3188 notat,
2371 3112 2687 3173 nonnulla

341 3208 820 3272 interciderunt
863 3210 944 3270 ad
986 3209 1326 3271 Tarutium
1367 3225 1484 3271 seu
1524 3209 1866 3271 Garutium
1910 3209 2265 3270 Larentiae
2291 3209 2508 3271 virum
2540 3226 2687 3288 pro-

340 3308 648 3370 babiliter
706 3308 1122 3386 pertinentia.
1175 3310 1351 3377 Quae
1409 3307 1633 3370 autem
1682 3307 1773 3368 ibi
1822 3306 2126 3383 leguntur
2175 3306 2343 3368 satis
2403 3309 2558 3370 sunt
2612 3307 2689 3369 ut

340 3406 515 3471 hanc
553 3406 1005 3468 narrationem
1058 3407 1344 3469 Varroni
1403 3406 1870 3467 adscribamus:
1921 3405 2468 3469 commemoratur
2509 3406 2685 3467 enim

340 3510 517 3567 Acca
538 3506 860 3569 Larentia
884 3506 992 3565 cui
1019 3504 1386 3566 sacerdotes
1410 3504 1659 3582 publice
1689 3504 2064 3582 parentant,
2094 3505 2492 3567 sacrificium
2520 3504 2685 3583 quod

341 3604 414 3664 in
454 3604 595 3664 eius
634 3604 944 3667 honorem
988 3599 1061 3664 fit
1101 3602 1172 3662 in
1219 3601 1517 3675 Velabro,
1560 3618 1818 3665 necnon
1858 3603 1926 3666 et
1966 3602 2400 3681 sepulchrum.
2441 3602 2685 3664 Eadem

339 3718 537 3780 prope
578 3702 1008 3764 inveniuntur
1048 3701 1120 3761 in
1162 3701 1301 3762 Liv.
1345 3702 1640 3763 XXXIX.
1699 3700 1756 3762 9.
1796 3702 1854 3779 5,
1913 3702 2169 3779 Dionys,
2212 3702 2358 3764 Hal.
2401 3706 2475 3763 A.
2516 3706 2593 3763 R.
2635 3705 2682 3764 I.

340 3798 420 3858 84
460 3803 527 3863 et
565 3799 661 3877 87,
707 3800 1041 3862 Plutarch.
1073 3798 1332 3868 Quaest.
1361 3802 1545 3860 Rom.
1575 3797 1673 3878 35,
1705 3799 2009 3862 Lactant.
2053 3800 2099 3860 I.
2127 3797 2223 3861 20.
2253 3799 2293 3857 4
2321 3816 2467 3877 seq.,
2511 3799 2681 3860 Plin.

340 3898 416 3957 N.
460 3900 538 3959 H.
579 3900 802 3960 XVIII.
843 3896 903 3975 2,
947 3897 1106 3959 Gell.
1147 3899 1252 3959 IV.
1296 3898 1352 3971 7,
1388 3898 1553 3960 etin
1593 3898 1982 3976 quibusdam
2028 3897 2196 3959 aliis.
2224 3898 2681 3960 Varronianus

334 3995 500 4056 liber
553 3997 623 4058 in
664 4014 787 4075 quo
827 3998 993 4058 haec
1044 3997 1498 4060 narrabantur
1557 3998 1706 4058 VIII
1768 4000 1914 4058 Rer.
1962 3998 2101 4060 Div.
2157 3997 2358 4059 fuisse
2400 3996 2680 4069 videtur,

338 4108 493 4156 nam
534 4095 647 4173 ibi,
690 4096 766 4159 ut
807 4112 1008 4174 supra
1048 4095 1294 4158 dictum
1336 4076 1455 4173 est,
1498 4097 1577 4157 de
1605 4095 1791 4158 feriis
1814 4095 2146 4173 agebatur,
2177 4095 2285 4156 hic
2310 4094 2525 4157 autem
2552 4096 2682 4157 La-

339 4193 704 4256 rentinalia
742 4194 1216 4259 retractantur.

402 4411 429 4460 1
463 4413 620 4462 Anco
670 4428 769 4465 om.
804 4413 943 4479 13112
976 4417 1293 4467 conditione
1325 4416 1432 4478 BP,
1485 4418 1658 4478 Ianus,
1695 4417 1860 4483 Lugd.
1907 4425 1959 4467 et
1989 4423 2106 4467 vett.
2137 4416 2252 4467 edd.
2277 4415 2352 4482 113
2389 4430 2555 4466 coena
2597 4417 2678 4466 Ia-

338 4507 440 4544 nus
470 4492 639 4559 Lugd.
675 4502 728 4544 et
760 4500 878 4545 vett.
915 4495 1052 4548 edd.:
1088 4513 1224 4549 cena
1256 4497 1362 4549 BP:
1398 4498 1774 4549 mulctaretur
1805 4498 1972 4564 Lugd.
2002 4504 2055 4548 ct
2074 4504 2196 4548 vett.
2243 4497 2379 4548 edd.:
2419 4497 2581 4547 illwm
2613 4496 2676 4545 P:
