3334 5192
2660 430 2705 488 9

436 558 596 635 Gap.
629 555 721 618 16.
753 575 789 615 <
811 559 1101 619 Ovumne
1129 556 1308 633 prius
1329 554 1535 619 fuerit
1722 559 1911 635 Συμπ.
1948 557 2017 613 11.
2065 550 2288 628 πρόβλ.
2348 545 2429 622 γ’.
2467 549 2700 627 πότερον

352 671 448 717 an
488 655 763 731 gallina.
806 655 889 718 Et
915 669 1034 716 cur
1072 669 1309 716 noxam
1335 668 1530 731 quam
1640 647 1674 719 ἡ
1705 649 1847 727 ὄρνις
1878 649 2106 726 πότερον
2136 648 2186 722 23*
2213 652 2283 710 τὸ
2308 650 2418 740 ῴὸν
2457 650 2699 721 ἐνἐνετο.

352 754 706 830 pecudibus
733 753 964 815 occisis
992 752 1156 814 Solis
1183 752 1359 815 radii
1399 768 1533 815 non
1636 757 1733 814 111.
1763 752 1980 831 πρὸβλ.
2024 749 2063 813 ι’
2101 748 2193 814 διὰ
2216 748 2274 812 τί
2319 752 2397 812 τοὶ
2433 749 2568 829 upton
2600 751 2698 820 σή-

352 851 699 929 dederunt‚
773 851 1006 914 lunare
1085 850 1305 913 lumen
1375 851 1531 913 effe·
1637 873 1809 914 πεται
1863 854 2096 932 μᾶλλον
2145 846 2253 911 ὑπὸ
2302 853 2402 921 τήν
2457 852 2699 921 σελήνην

351 950 532 1013 cerit
572 971 629 1013 ».
1637 948 1689 1022 ⁷5*
1716 952 1815 1013 τὸν
1856 944 2040 1020 ἥλιον.

445 1222 539 1282 De
582 1222 786 1286 altero
826 1224 1010 1286 modo
1051 1226 1516 1303 usurpationis,
1580 1228 1656 1291 ut
1710 1228 1934 1291 cetera
1988 1227 2530 1306 praetergrediar‚
2573 1228 2698 1290 duo

357 1319 590 1394 capita
629 1320 773 1382 heic
817 1323 1090 1385 afferam
1145 1325 1215 1385 in
1269 1326 1737 1390 testimonium.
1780 1327 1995 1405 Caput
2041 1328 2216 1389 enim
2254 1327 2696 1389 duodecimum

361 1417 579 1494 plures
621 1421 819 1483 habet
856 1422 1408 1502 quaestiunculas,
1473 1442 1698 1488 omnes
1757 1426 1863 1489 vel
1920 1425 2059 1487 fere
2099 1442 2323 1488 omnes
2363 1442 2399 1487 e
2439 1426 2699 1489 Plutar-

356 1517 542 1577 cheis
582 1518 946 1582 derivatas:
986 1521 1265 1598 potiores
1308 1525 1529 1587 autem
1548 1524 1675 1586 hae
1712 1525 1886 1587 sunt:
1917 1545 1954 1582 ⁴<
1982 1541 2112 1603 qua
2139 1526 2401 1587 ratione
2428 1540 2697 1586 carnem

357 1613 447 1674 ad
489 1615 987 1679 diuturnitatem
1028 1636 1185 1680 usus
1230 1619 1547 1684 admixtio
1589 1622 1747 1684 salis
1789 1623 2091 1696 servet»,
2111 1624 2277 1700 quod
2306 1638 2493 1684 omne
2523 1638 2699 1684 sum-

359 1713 549 1790 ptum
611 1716 715 1778 est
753 1732 788 1775 e
830 1718 1295 1794 Symposiacon
1335 1722 1393 1781 V
1445 1721 1692 1798 quaest.
1740 1720 1865 1781 10.εἰ
1906 1743 1941 1778 «
1985 1717 2126 1786 τίνες
2167 1716 2217 1780 οἱ
2261 1722 2378 1796 περὶ
2419 1714 2556 1781 ἅλα
2596 1721 2700 1781 καὶ

356 1811 613 1892 κύμινον.
655 1813 706 1872 ἒν
748 1800 796 1899 ᾦ
832 1811 926 1874 διὰ
961 1812 1019 1873 τί
1061 1815 1158 1874 τὸν
1199 1810 1336 1876 ἅλα
1374 1817 1533 1878 θεῖον
1575 1813 1605 1872 ὁ
1643 1821 1875 1887 ποιητὴς
1920 1809 2073 1879 εἶπεν
2101 1839 2157 1883 »ε
2187 1822 2344 1883 item
2374 1838 2411 1882 «
2439 1837 2558 1882 cur
2594 1821 2697 1882 de-

359 1909 699 1973 faecatum
743 1914 971 1974 vinum
1012 1916 1295 1978 validius
1357 1920 1447 1982 sit
1507 1919 1760 1981 viribus
1802 1921 1912 1982 sed
1953 1921 2277 1982 infirmius
2320 1920 2401 1981 ad
2439 1936 2701 1997 perma-

360 2010 656 2072 nendum
698 2029 751 2085 »,
794 2013 960 2089 quod
1000 2013 1284 2089 profecto
1325 2017 1697 2096 decerptum
1738 2019 1838 2081 est
1898 2034 1934 2079 e
1996 2018 2103 2079 lib.
2154 2021 2269 2080 VII
2309 2017 2555 2095 quaest.
2613 2018 2701 2077 7.²

361 2126 405 2161 <x
453 2105 498 2165 εἰ
540 2105 620 2167 δεῖ
661 2108 763 2168 τὸν
801 2097 950 2169 οἶνον
994 2109 1261 2180 ἔνδιηθεῖν
1303 2132 1361 2176 »ε
1402 2116 1561 2179 item
1609 2139 1644 2174 «
1685 2133 1802 2178 cur
1844 2118 2057 2179 oleum
2099 2118 2263 2195 quod
2323 2119 2396 2178 in
2450 2133 2699 2179 summo

364 2207 490 2283 est,
535 2208 969 2295 vinum‚quod
1008 2213 1080 2273 in
1122 2214 1349 2287 medic,
1392 2215 1523 2277 mel
1564 2216 1730 2293 quod
1768 2216 1840 2277 in
1878 2214 2076 2278 fundo
2106 2212 2353 2294 optima
2396 2233 2535 2278 esse
2567 2232 2703 2279 cre-

362 2305 613 2368 dantur
653 2328 709 2383 »,
753 2310 918 2386 quod
965 2327 1167 2388 aeque
1227 2314 1553 2390 reperitur
1593 2314 1664 2376 in
1703 2314 1815 2376 lib.
1856 2316 1973 2375 VII
2014 2314 2262 2392 quaest.
2303 2313 2392 2377 3st
2431 2334 2468 2377 «
2512 2311 2607 2376 aaz.
2640 2315 2700 2375 τὶ

364 2407 470 2466 τοῦ
505 2409 610 2486 μὲν
663 2403 816 2467 οἴνου
856 2409 927 2467 τὸ
976 2406 1169 2490 μέσον,
1224 2413 1327 2471 τοῖ,1
1364 2406 1419 2471 δὲ
1461 2410 1658 2472 ἐλαίου
1698 2412 1770 2472 τὸ
1814 2410 2025 2484 ἒπάνω,
2079 2413 2180 2472 τοῦ
2228 2410 2285 2472 δὲ
2341 2410 2572 2492 μέλιτος
2633 2416 2702 2474 τὸ

364 2504 714 2566 κατώτατον
755 2505 982 2578 γίνεται
1024 2507 1269 2580 βἐλτιον
1312 2528 1369 2574 »τ
1411 2512 1569 2575 item
1612 2533 1648 2570 «
1683 2527 1802 2573 cur
1841 2513 1953 2589 qui
1995 2513 2287 2574 esuriens
2316 2513 2553 2577 biberit
2581 2512 2704 2574 ali-

356 2607 756 2683 quantulum
797 2609 1040 2671 famem
1083 2610 1400 2687 sublevat,
1443 2611 1556 2687 qui
1595 2627 1751 2672 vere
1791 2610 2019 2673 sitiens
2079 2611 2295 2672 cibum
2357 2613 2704 2688 sumpserit

363 2718 497 2766 non
539 2705 746 2768 solum
786 2724 918 2770 non
980 2709 1204 2771 domat
1265 2709 1461 2782 sitim,
1518 2709 1629 2770 sed
1691 2709 1903 2784 magis
1957 2710 2293 2786 magisque
2334 2709 2697 2786 cupidinem

365 2803 554 2878 potus
600 2806 894 2867 accendit
936 2827 992 2882 »,
1037 2807 1203 2884 quod
1245 2822 1405 2867 sane
1447 2806 1680 2869 manat
1719 2806 1881 2868 elib.
1923 2808 2010 2868 VI
2052 2807 2298 2883 quaest.
2330 2806 2419 2867 3?
2447 2827 2483 2863 «
2513 2801 2606 2867 διαὶ
2631 2807 2694 2867 τι·

360 2905 652 2968 πεινῶντες
701 2903 801 2984 μὲν
839 2900 938 2964 ἐοὶν
979 2901 1149 2966 πίωσι
1191 2903 1493 2965 παύονται·
1538 2901 1830 2979 δειψῶντες
1872 2901 1930 2963 δὲ
1968 2903 2060 2963 ἐὰν
2101 2901 2362 2981 φάγωσιν
2406 2901 2700 2964 ἐπιτείνον-

362 3019 469 3059 ται
514 3016 570 3060 ».
613 3002 824 3079 Caput
861 3003 1185 3065 decimum
1225 3003 1496 3067 tertium
1534 3005 1676 3067 tres
1718 3004 1937 3066 movet
1960 3004 2390 3082 quaestiones.
2433 3004 2698 3072 Quaeri-

362 3100 481 3163 tur
519 3100 800 3177 primum
843 3124 878 3160 «
906 3119 1024 3164 cur
1062 3104 1270 3164 ieiuni
1311 3104 1520 3179 magis
1561 3101 1797 3166 sitiant
1835 3119 2031 3180 quam
2072 3101 2372 3164 esuriunt
2399 3122 2454 3175 ›>,
2485 3101 2551 3164 et
2577 3100 2699 3162 hoc

365 3200 573 3261 etiam
615 3199 880 3277 profluit
908 3217 942 3260 e
986 3200 1090 3261 lib.
1135 3203 1251 3261 VII
1291 3200 1538 3278 quaest.
1584 3200 1668 3261 1.⁸
1711 3222 1747 3258 «
1788 3198 1875 3265 τίς
1914 3195 1947 3267 ἡ
1987 3196 2157 3257 αἰτία
2184 3195 2241 3260 δι’
2283 3192 2353 3266 ἦν
2407 3194 2469 3256 οἱ
2500 3215 2699 3265 νηστε-

358 3297 549 3364 ύοντες
579 3294 805 3373 δειῲῶσι
846 3300 1079 3379 μᾶλλον
1106 3295 1154 3368 ή“
1188 3301 1443 3362 πεινῶσιν
1476 3302 1530 3374 >>“,
1561 3300 1629 3363 et
1655 3300 1806 3361 inde
1836 3321 1872 3357 ‹
1902 3316 2021 3361 cur
2048 3300 2171 3360 sibi
2204 3300 2560 3361 communis
2592 3300 2699 3361 ad-

362 3413 594 3458 sensus
638 3397 911 3460 anulum
952 3398 1021 3458 in
1062 3398 1264 3476 digito
1318 3399 1430 3477 qui
1493 3398 1763 3460 minimo
1804 3398 2062 3459 vicinus
2102 3397 2218 3475 est,
2260 3414 2452 3475 quem
2493 3396 2698 3459 etiam

363 3495 823 3557 medicinalem
863 3496 1120 3565 vocant,
1162 3496 1232 3560 et
1257 3512 1460 3558 manu
1504 3496 1784 3559 sinistra
1823 3495 2211 3573 gestandum
2253 3511 2392 3557 esse
2432 3511 2703 3572 persua-

360 3594 455 3656 sit
496 3615 551 3672 »‚
591 3596 666 3655 in
707 3611 829 3672 quo
870 3595 1134 3672 praeter
1174 3595 1240 3656 id
1281 3597 1462 3672 quod,
1504 3595 1582 3657 ut
1601 3611 1800 3672 supra
1833 3596 2073 3671 monui,
2118 3610 2203 3655 ex
2241 3594 2468 3656 eadem
2508 3594 2699 3656 Gellii

309 3712 315 3717 ·
361 3693 749 3769 quaestione
790 3694 1198 3771 desumptum
1240 3694 1355 3767 est,
1402 3693 1538 3757 alia
1577 3694 1899 3771 quaedam
1939 3693 2250 3770 leguntur
2288 3710 2455 3771 quae
2496 3693 2699 3755 multo

366 3791 763 3869 probabilius
824 3793 1093 3855 inerant
1149 3794 1220 3853 in
1261 3792 1372 3853 lib.
1412 3794 1472 3854 V
1512 3792 1593 3854 ad
1641 3792 2089 3868 quaestionem
2130 3790 2262 3853 852¹m
2301 3807 2497 3868 quam
2526 3805 2700 3851 nunc

368 3889 809 3952 desideramus
838 3912 874 3948 «
903 3887 998 3951 διὰ
1034 3888 1093 3950 τί
1134 3895 1243 3950 τῶν
1283 3887 1594 3952 δακτύλων
1632 3887 1902 3972 μάλιστα
1929 3891 2024 3978 τῷ
2054 3888 2368 3977 παραμέσῳ
2410 3885 2701 3967 σφαγίδας

355 3990 619 4064 φοροῦσιν
659 4005 713 4064 »,
754 3977 949 4052 tertio
990 3991 1248 4052 demum
1295 4012 1330 4048 «
1374 4006 1494 4051 cur
1535 3991 1745 4067 magis
1807 3989 2013 4051 dulcis
2056 4007 2252 4068 quam
2308 3989 2487 4051 salsa
2531 4004 2702 4065 aqua
2787 3974 2791 3980 ⁴

364 4088 603 4150 idonea
664 4088 751 4150 sit
808 4088 1101 4150 sordibus
1168 4088 1599 4167 abluendis»,
1641 4087 1807 4165 quod
1848 4088 2247 4166 exscriptum
2300 4087 2402 4149 est
2442 4104 2478 4146 e
2518 4086 2629 4147 lib.
2670 4088 2701 4146 I

363 4186 620 4265 quaest.
664 4185 752 4246 3.·
793 4206 829 4243 «
869 4182 963 4246 διὰ
998 4206 1059 4245 τι
1097 4190 1194 4274 τᾷ
1233 4184 1461 4272 ποτίμῳ
1489 4182 1732 4258 βέλτιον
1757 4177 1930 4247 ῧδατι
1971 4181 2021 4255 η*
2049 4188 2144 4273 τῷ
2182 4182 2508 4271 θαλαττίῳ
2548 4181 2701 4244 πλύ-

368 4302 526 4344 νεται
569 4282 650 4343 τοὶ
685 4278 897 4364 ἰμοίτια
937 4307 994 4346 »-

445 4382 750 4446 Ceterum
789 4398 912 4459 quo
951 4398 1080 4446 uno
1120 4383 1353 4448 obtutu
1404 4384 1636 4446 melius
1698 4383 2219 4462 deprehendatur
2272 4382 2698 4446 Plutarchea-

362 4497 512 4542 rum
539 4480 874 4560 copiarum
904 4497 1181 4559 summa,
1209 4498 1372 4559 quas
1400 4481 1775 4545 Macrobius
1801 4482 2152 4558 geminatis
2181 4479 2379 4543 furtis
2408 4481 2479 4542 in
2507 4480 2703 4559 septi-
