<?xml version="1.0" encoding="UTF-8"?>
<!DOCTYPE html PUBLIC "-//W3C//DTD XHTML 1.0 Transitional//EN"
    "http://www.w3.org/TR/xhtml1/DTD/xhtml1-transitional.dtd">
<html xmlns="http://www.w3.org/1999/xhtml" xml:lang="en" lang="en">
 <head>
  <title>
</title>
<meta http-equiv="Content-Type" content="text/html;charset=utf-8" />
  <meta name='ocr-system' content='tesseract 3.04.00' />
  <meta name='ocr-capabilities' content='ocr_page ocr_carea ocr_par ocr_line ocrx_word'/>
</head>
<body>
  <div class='ocr_page' id='page_1' title='image "./varroniananonnu00biusgoog_0064.png"; bbox 0 0 3334 5192; ppageno 0'>
   <div class='ocr_carea' id='block_1_1' title="bbox 547 511 2925 4535">
    <p class='ocr_par' dir='ltr' id='par_1_1' title="bbox 547 511 2895 2168">
     <span class='ocr_line' id='line_1_1' title="bbox 553 511 2887 596; baseline 0 -18"><span class='ocrx_word' id='word_1_1' title='bbox 553 519 835 580; x_wconf 88' lang='lat' dir='ltr'>demicos</span> <span class='ocrx_word' id='word_1_2' title='bbox 874 535 1030 580; x_wconf 81' lang='lat' dir='ltr'>vero</span> <span class='ocrx_word' id='word_1_3' title='bbox 1069 518 1140 579; x_wconf 90' lang='lat' dir='ltr'>in</span> <span class='ocrx_word' id='word_1_4' title='bbox 1180 517 1512 580; x_wconf 88' lang='lat' dir='ltr'>nonnullis</span> <span class='ocrx_word' id='word_1_5' title='bbox 1565 518 1975 583; x_wconf 82' lang='lat' dir='ltr'><strong>imitabatur.</strong></span> <span class='ocrx_word' id='word_1_6' title='bbox 2017 520 2296 596; x_wconf 92' lang='lat' dir='ltr'>Idipsum</span> <span class='ocrx_word' id='word_1_7' title='bbox 2359 520 2684 582; x_wconf 82' lang='lat' dir='ltr'>conicitur</span> <span class='ocrx_word' id='word_1_8' title='bbox 2724 534 2760 579; x_wconf 85' lang='lat' dir='ltr'>e</span> <span class='ocrx_word' id='word_1_9' title='bbox 2813 511 2887 578; x_wconf 91' lang='lat' dir='ltr'><strong>L.</strong></span> 
     </span>
     <span class='ocr_line' id='line_1_2' title="bbox 547 603 2887 695; baseline -0.001 -16"><span class='ocrx_word' id='word_1_10' title='bbox 547 620 624 679; x_wconf 87' lang='lat' dir='ltr'>L.</span> <span class='ocrx_word' id='word_1_11' title='bbox 667 619 742 678; x_wconf 90' lang='lat' dir='ltr'>V.</span> <span class='ocrx_word' id='word_1_12' title='bbox 783 616 861 676; x_wconf 85' lang='lat'>57</span> <span class='ocrx_word' id='word_1_13' title='bbox 904 632 1040 694; x_wconf 89' lang='lat' dir='ltr'>sqq:</span> <span class='ocrx_word' id='word_1_14' title='bbox 1082 603 1213 678; x_wconf 78' lang='lat' dir='ltr'>ubi‘</span> <span class='ocrx_word' id='word_1_15' title='bbox 1235 617 1311 678; x_wconf 92' lang='lat' dir='ltr'>de</span> <span class='ocrx_word' id='word_1_16' title='bbox 1352 616 1827 681; x_wconf 84' lang='lat' dir='ltr'>immortalium</span> <span class='ocrx_word' id='word_1_17' title='bbox 1868 619 2238 680; x_wconf 86' lang='lat' dir='ltr'>nominibus</span> <span class='ocrx_word' id='word_1_18' title='bbox 2284 619 2423 694; x_wconf 89' lang='lat' dir='ltr'>agit</span> <span class='ocrx_word' id='word_1_19' title='bbox 2476 633 2591 695; x_wconf 92' lang='lat' dir='ltr'>per</span> <span class='ocrx_word' id='word_1_20' title='bbox 2633 632 2887 678; x_wconf 89' lang='lat' dir='ltr'>summa</span> 
     </span>
     <span class='ocr_line' id='line_1_3' title="bbox 551 715 2887 794; baseline -0.001 -17"><span class='ocrx_word' id='word_1_21' title='bbox 551 717 792 792; x_wconf 86' lang='lat' dir='ltr'>capita.</span> <span class='ocrx_word' id='word_1_22' title='bbox 837 716 974 777; x_wconf 92' lang='lat' dir='ltr'>Hoc</span> <span class='ocrx_word' id='word_1_23' title='bbox 1014 715 1288 792; x_wconf 90' lang='lat' dir='ltr'>denique</span> <span class='ocrx_word' id='word_1_24' title='bbox 1328 715 1625 778; x_wconf 86' lang='lat' dir='ltr'>fatentur</span> <span class='ocrx_word' id='word_1_25' title='bbox 1664 731 1885 778; x_wconf 92' lang='lat' dir='ltr'>omnes</span> <span class='ocrx_word' id='word_1_26' title='bbox 1925 717 2038 794; x_wconf 91' lang='lat' dir='ltr'>qui</span> <span class='ocrx_word' id='word_1_27' title='bbox 2077 715 2516 794; x_wconf 84' lang='lat' dir='ltr'>philosophiae</span> <span class='ocrx_word' id='word_1_28' title='bbox 2545 715 2887 778; x_wconf 79' lang='lat' dir='ltr'>historiam</span> 
     </span>
     <span class='ocr_line' id='line_1_4' title="bbox 553 814 2887 896; baseline -0 -21"><span class='ocrx_word' id='word_1_29' title='bbox 553 814 943 887; x_wconf 86' lang='lat' dir='ltr'>describunt,</span> <span class='ocrx_word' id='word_1_30' title='bbox 986 830 1133 875; x_wconf 92' lang='lat' dir='ltr'>cum</span> <span class='ocrx_word' id='word_1_31' title='bbox 1176 815 1253 875; x_wconf 93' lang='lat' dir='ltr'>de</span> <span class='ocrx_word' id='word_1_32' title='bbox 1294 814 1612 876; x_wconf 87' lang='lat' dir='ltr'>Varronis</span> <span class='ocrx_word' id='word_1_33' title='bbox 1653 815 2055 894; x_wconf 86' lang='lat' dir='ltr'>physiologia</span> <span class='ocrx_word' id='word_1_34' title='bbox 2094 816 2465 896; x_wconf 90' lang='lat' dir='ltr'>loquuntur,</span> <span class='ocrx_word' id='word_1_35' title='bbox 2508 816 2684 878; x_wconf 89' lang='lat' dir='ltr'>inter</span> <span class='ocrx_word' id='word_1_36' title='bbox 2731 831 2887 892; x_wconf 91' lang='lat' dir='ltr'>quos</span> 
     </span>
     <span class='ocr_line' id='line_1_5' title="bbox 547 913 2892 990; baseline 0 -16"><span class='ocrx_word' id='word_1_37' title='bbox 547 928 786 990; x_wconf 84' lang='lat' dir='ltr'>operae</span> <span class='ocrx_word' id='word_1_38' title='bbox 825 913 1105 990; x_wconf 90' lang='lat' dir='ltr'>pretium</span> <span class='ocrx_word' id='word_1_39' title='bbox 1148 913 1249 975; x_wconf 89' lang='lat' dir='ltr'>est</span> <span class='ocrx_word' id='word_1_40' title='bbox 1289 914 1660 973; x_wconf 86' lang='lat' dir='ltr'>meminisse</span> <span class='ocrx_word' id='word_1_41' title='bbox 1703 916 2239 976; x_wconf 89' lang='lat' dir='ltr'>Tennemannum</span> <span class='ocrx_word' id='word_1_42' title='bbox 2280 914 2443 976; x_wconf 90' lang='lat' dir='ltr'>Hist.</span> <span class='ocrx_word' id='word_1_43' title='bbox 2485 914 2650 974; x_wconf 90' lang='lat' dir='ltr'>Phil.</span> <span class='ocrx_word' id='word_1_44' title='bbox 2696 915 2764 973; x_wconf 91' lang='lat' dir='ltr'>T.</span> <span class='ocrx_word' id='word_1_45' title='bbox 2802 915 2892 974; x_wconf 89' lang='lat' dir='ltr'>IX</span> 
     </span>
     <span class='ocr_line' id='line_1_6' title="bbox 551 1009 2891 1090; baseline 0 -19"><span class='ocrx_word' id='word_1_46' title='bbox 551 1029 611 1090; x_wconf 90' lang='lat' dir='ltr'>p.</span> <span class='ocrx_word' id='word_1_47' title='bbox 653 1009 734 1070; x_wconf 89' lang='lat'>68</span> <span class='ocrx_word' id='word_1_48' title='bbox 773 1028 898 1089; x_wconf 90' lang='lat' dir='ltr'>seq.</span> <span class='ocrx_word' id='word_1_49' title='bbox 941 1012 1024 1074; x_wconf 88' lang='lat' dir='ltr'>et.</span> <span class='ocrx_word' id='word_1_50' title='bbox 1066 1012 1394 1074; x_wconf 88' lang='lat' dir='ltr'>Ritterum</span> <span class='ocrx_word' id='word_1_51' title='bbox 1437 1013 1508 1072; x_wconf 88' lang='lat' dir='ltr'>T.</span> <span class='ocrx_word' id='word_1_52' title='bbox 1550 1010 1641 1072; x_wconf 87' lang='grc' dir='ltr'>ΙΙΙ</span> <span class='ocrx_word' id='word_1_53' title='bbox 1681 1030 1739 1090; x_wconf 92' lang='lat' dir='ltr'>p.</span> <span class='ocrx_word' id='word_1_54' title='bbox 1782 1011 1920 1075; x_wconf 86' lang='lat'><strong>606.</strong></span> <span class='ocrx_word' id='word_1_55' title='bbox 1963 1016 2100 1077; x_wconf 91' lang='lat' dir='ltr'>Duo</span> <span class='ocrx_word' id='word_1_56' title='bbox 2141 1016 2363 1077; x_wconf 89' lang='lat' dir='ltr'>tamen</span> <span class='ocrx_word' id='word_1_57' title='bbox 2399 1013 2546 1074; x_wconf 87' lang='lat' dir='ltr'>heic</span> <span class='ocrx_word' id='word_1_58' title='bbox 2599 1011 2891 1075; x_wconf 90' lang='lat' dir='ltr'>notanda</span> 
     </span>
     <span class='ocr_line' id='line_1_7' title="bbox 549 1109 2893 1187; baseline 0 -16"><span class='ocrx_word' id='word_1_59' title='bbox 549 1113 735 1173; x_wconf 86' lang='lat' dir='ltr'>sunt:</span> <span class='ocrx_word' id='word_1_60' title='bbox 775 1110 1133 1187; x_wconf 88' lang='lat' dir='ltr'>Apollinem</span> <span class='ocrx_word' id='word_1_61' title='bbox 1186 1111 1252 1173; x_wconf 92' lang='lat' dir='ltr'>et</span> <span class='ocrx_word' id='word_1_62' title='bbox 1291 1109 1415 1186; x_wconf 89' lang='lat' dir='ltr'>ipsi</span> <span class='ocrx_word' id='word_1_63' title='bbox 1457 1109 1743 1172; x_wconf 89' lang='lat' dir='ltr'>Varroni</span> <span class='ocrx_word' id='word_1_64' title='bbox 1783 1128 1913 1173; x_wconf 93' lang='lat' dir='ltr'>non</span> <span class='ocrx_word' id='word_1_65' title='bbox 1959 1112 2159 1172; x_wconf 90' lang='lat' dir='ltr'>alium</span> <span class='ocrx_word' id='word_1_66' title='bbox 2220 1127 2360 1172; x_wconf 88' lang='lat' dir='ltr'>esse</span> <span class='ocrx_word' id='word_1_67' title='bbox 2404 1127 2482 1172; x_wconf 90' lang='lat' dir='ltr'>ac</span> <span class='ocrx_word' id='word_1_68' title='bbox 2522 1111 2745 1184; x_wconf 87' lang='lat' dir='ltr'>solem,</span> <span class='ocrx_word' id='word_1_69' title='bbox 2786 1109 2893 1171; x_wconf 91' lang='lat' dir='ltr'>Li-</span> 
     </span>
     <span class='ocr_line' id='line_1_8' title="bbox 553 1208 2891 1295; baseline -0.001 -25"><span class='ocrx_word' id='word_1_70' title='bbox 553 1210 782 1271; x_wconf 90' lang='lat' dir='ltr'>berum</span> <span class='ocrx_word' id='word_1_71' title='bbox 822 1225 981 1271; x_wconf 81' lang='lat' dir='ltr'>vero</span> <span class='ocrx_word' id='word_1_72' title='bbox 1024 1211 1090 1270; x_wconf 89' lang='lat' dir='ltr'>et</span> <span class='ocrx_word' id='word_1_73' title='bbox 1129 1208 1737 1295; x_wconf 69' lang='lat' dir='ltr'>Apollinemunum</span> <span class='ocrx_word' id='word_1_74' title='bbox 1801 1210 2196 1287; x_wconf 88' lang='lat' dir='ltr'>eundemque</span> <span class='ocrx_word' id='word_1_75' title='bbox 2256 1211 2445 1270; x_wconf 91' lang='lat' dir='ltr'>deum</span> <span class='ocrx_word' id='word_1_76' title='bbox 2486 1225 2691 1269; x_wconf 89' lang='lat' dir='ltr'>unum</span> <span class='ocrx_word' id='word_1_77' title='bbox 2738 1222 2891 1270; x_wconf 90' lang='lat' dir='ltr'>eun-</span> 
     </span>
     <span class='ocr_line' id='line_1_9' title="bbox 555 1303 2890 1384; baseline -0.001 -16"><span class='ocrx_word' id='word_1_78' title='bbox 555 1309 822 1384; x_wconf 90' lang='lat' dir='ltr'>demque</span> <span class='ocrx_word' id='word_1_79' title='bbox 886 1303 1084 1366; x_wconf 90' lang='lat' dir='ltr'>solem</span> <span class='ocrx_word' id='word_1_80' title='bbox 1130 1305 1210 1366; x_wconf 88' lang='lat' dir='ltr'>ab</span> <span class='ocrx_word' id='word_1_81' title='bbox 1251 1323 1327 1368; x_wconf 92' lang='lat' dir='ltr'>eo</span> <span class='ocrx_word' id='word_1_82' title='bbox 1387 1305 1577 1367; x_wconf 75' lang='lat' dir='ltr'>valde</span> <span class='ocrx_word' id='word_1_83' title='bbox 1639 1306 2063 1384; x_wconf 87' lang='lat' dir='ltr'>probabiliter</span> <span class='ocrx_word' id='word_1_84' title='bbox 2126 1307 2557 1368; x_wconf 74' lang='lat' dir='ltr'>existimatos</span> <span class='ocrx_word' id='word_1_85' title='bbox 2596 1307 2890 1368; x_wconf 82' lang='lat' dir='ltr'>Alteram</span> 
     </span>
     <span class='ocr_line' id='line_1_10' title="bbox 554 1403 2893 1480; baseline -0.001 -14"><span class='ocrx_word' id='word_1_86' title='bbox 554 1422 694 1466; x_wconf 89' lang='lat' dir='ltr'>rem</span> <span class='ocrx_word' id='word_1_87' title='bbox 737 1405 819 1466; x_wconf 91' lang='lat' dir='ltr'>ab</span> <span class='ocrx_word' id='word_1_88' title='bbox 858 1404 1131 1480; x_wconf 89' lang='lat' dir='ltr'>ipsomet</span> <span class='ocrx_word' id='word_1_89' title='bbox 1169 1405 1467 1467; x_wconf 90' lang='lat' dir='ltr'>Varrone</span> <span class='ocrx_word' id='word_1_90' title='bbox 1508 1404 1817 1467; x_wconf 87' lang='lat' dir='ltr'>discimus</span> <span class='ocrx_word' id='word_1_91' title='bbox 1857 1407 1928 1467; x_wconf 91' lang='lat' dir='ltr'>in</span> <span class='ocrx_word' id='word_1_92' title='bbox 1969 1407 2039 1466; x_wconf 92' lang='lat' dir='ltr'>L.</span> <span class='ocrx_word' id='word_1_93' title='bbox 2086 1407 2153 1466; x_wconf 91' lang='lat' dir='ltr'>L.</span> <span class='ocrx_word' id='word_1_94' title='bbox 2196 1407 2270 1467; x_wconf 91' lang='lat' dir='ltr'>V.</span> <span class='ocrx_word' id='word_1_95' title='bbox 2312 1405 2409 1479; x_wconf 87' lang='grc'>68,</span> <span class='ocrx_word' id='word_1_96' title='bbox 2452 1405 2563 1466; x_wconf 93' lang='lat' dir='ltr'>ubi</span> <span class='ocrx_word' id='word_1_97' title='bbox 2605 1406 2771 1466; x_wconf 89' lang='lat' dir='ltr'>haec</span> <span class='ocrx_word' id='word_1_98' title='bbox 2798 1403 2893 1465; x_wconf 90' lang='lat' dir='ltr'>le-</span> 
     </span>
     <span class='ocr_line' id='line_1_11' title="bbox 554 1502 2890 1582; baseline -0 -18"><span class='ocrx_word' id='word_1_99' title='bbox 554 1504 806 1580; x_wconf 88' lang='lat' dir='ltr'>guntur</span> <span class='ocrx_word' id='word_1_100' title='bbox 846 1524 882 1560; x_wconf 84' lang='grc'><strong>«</strong></span> <span class='ocrx_word' id='word_1_101' title='bbox 925 1505 1111 1563; x_wconf 92' lang='lat' dir='ltr'>Hanc</span> <span class='ocrx_word' id='word_1_102' title='bbox 1147 1502 1430 1582; x_wconf 89' lang='lat' dir='ltr'>(lunam)</span> <span class='ocrx_word' id='word_1_103' title='bbox 1470 1506 1547 1565; x_wconf 89' lang='lat' dir='ltr'>ut</span> <span class='ocrx_word' id='word_1_104' title='bbox 1607 1503 1828 1565; x_wconf 81' lang='lat' dir='ltr'>solem·</span> <span class='ocrx_word' id='word_1_105' title='bbox 1860 1503 2239 1582; x_wconf 88' lang='lat' dir='ltr'>Apollinem,</span> <span class='ocrx_word' id='word_1_106' title='bbox 2299 1503 2563 1580; x_wconf 91' lang='lat' dir='ltr'>quidam</span> <span class='ocrx_word' id='word_1_107' title='bbox 2605 1503 2890 1565; x_wconf 86' lang='lat' dir='ltr'>Dianam</span> 
     </span>
     <span class='ocr_line' id='line_1_12' title="bbox 557 1599 2892 1679; baseline -0 -16"><span class='ocrx_word' id='word_1_108' title='bbox 557 1603 797 1664; x_wconf 86' lang='lat' dir='ltr'>vocant</span> <span class='ocrx_word' id='word_1_109' title='bbox 843 1617 904 1662; x_wconf 72' lang='grc' dir='ltr'>»ε</span> <span class='ocrx_word' id='word_1_110' title='bbox 951 1602 1226 1664; x_wconf 87' lang='lat' dir='ltr'>alteram</span> <span class='ocrx_word' id='word_1_111' title='bbox 1272 1600 1492 1663; x_wconf 90' lang='lat' dir='ltr'>autem</span> <span class='ocrx_word' id='word_1_112' title='bbox 1536 1604 1637 1665; x_wconf 89' lang='lat' dir='ltr'>est</span> <span class='ocrx_word' id='word_1_113' title='bbox 1702 1619 1975 1679; x_wconf 87' lang='lat' dir='ltr'>arguere</span> <span class='ocrx_word' id='word_1_114' title='bbox 2018 1619 2104 1665; x_wconf 84' lang='lat' dir='ltr'>ex</span> <span class='ocrx_word' id='word_1_115' title='bbox 2162 1603 2399 1664; x_wconf 91' lang='lat' dir='ltr'>Arnob.</span> <span class='ocrx_word' id='word_1_116' title='bbox 2442 1604 2547 1664; x_wconf 93' lang='lat' dir='ltr'>III.</span> <span class='ocrx_word' id='word_1_117' title='bbox 2588 1599 2685 1679; x_wconf 87' lang='grc'>33,</span> <span class='ocrx_word' id='word_1_118' title='bbox 2735 1600 2892 1663; x_wconf 92' lang='lat' dir='ltr'>Plu-</span> 
     </span>
     <span class='ocr_line' id='line_1_13' title="bbox 556 1699 2889 1778; baseline -0.001 -16"><span class='ocrx_word' id='word_1_119' title='bbox 556 1700 766 1763; x_wconf 89' lang='lat' dir='ltr'>tarch.</span> <span class='ocrx_word' id='word_1_120' title='bbox 807 1704 874 1770; x_wconf 87' lang='lat' dir='ltr'><strong>Q.</strong></span> <span class='ocrx_word' id='word_1_121' title='bbox 917 1703 994 1761; x_wconf 87' lang='lat' dir='ltr'>R.</span> <span class='ocrx_word' id='word_1_122' title='bbox 1043 1699 1172 1773; x_wconf 85' lang='lat'>104,</span> <span class='ocrx_word' id='word_1_123' title='bbox 1217 1700 1408 1760; x_wconf 89' lang='lat' dir='ltr'>Laur.</span> <span class='ocrx_word' id='word_1_124' title='bbox 1457 1701 1608 1778; x_wconf 87' lang='lat' dir='ltr'><strong>Lyd.</strong></span> <span class='ocrx_word' id='word_1_125' title='bbox 1652 1703 1760 1762; x_wconf 93' lang='lat' dir='ltr'>IV.</span> <span class='ocrx_word' id='word_1_126' title='bbox 1803 1701 1899 1775; x_wconf 89' lang='grc'>38,</span> <span class='ocrx_word' id='word_1_127' title='bbox 1941 1703 2054 1778; x_wconf 92' lang='lat' dir='ltr'>qui</span> <span class='ocrx_word' id='word_1_128' title='bbox 2094 1718 2331 1774; x_wconf 88' lang='lat' dir='ltr'>omnes,</span> <span class='ocrx_word' id='word_1_129' title='bbox 2377 1701 2502 1763; x_wconf 89' lang='lat' dir='ltr'>etsi</span> <span class='ocrx_word' id='word_1_130' title='bbox 2528 1703 2889 1762; x_wconf 90' lang='lat' dir='ltr'>Varronem</span> 
     </span>
     <span class='ocr_line' id='line_1_14' title="bbox 557 1797 2895 1868; baseline -0.001 -8"><span class='ocrx_word' id='word_1_131' title='bbox 557 1801 665 1861; x_wconf 88' lang='lat' dir='ltr'>hic</span> <span class='ocrx_word' id='word_1_132' title='bbox 705 1815 835 1861; x_wconf 91' lang='lat' dir='ltr'>non</span> <span class='ocrx_word' id='word_1_133' title='bbox 875 1797 1107 1868; x_wconf 83' lang='lat' dir='ltr'>citant.</span> <span class='ocrx_word' id='word_1_134' title='bbox 1153 1799 1296 1859; x_wconf 91' lang='lat' dir='ltr'>eius</span> <span class='ocrx_word' id='word_1_135' title='bbox 1339 1801 1560 1860; x_wconf 87' lang='lat' dir='ltr'>tamen</span> <span class='ocrx_word' id='word_1_136' title='bbox 1603 1800 2049 1862; x_wconf 83' lang='lat' dir='ltr'>doctrinarum</span> <span class='ocrx_word' id='word_1_137' title='bbox 2099 1799 2313 1861; x_wconf 84' lang='lat' dir='ltr'>fideles</span> <span class='ocrx_word' id='word_1_138' title='bbox 2353 1799 2551 1862; x_wconf 90' lang='lat' dir='ltr'>testes</span> <span class='ocrx_word' id='word_1_139' title='bbox 2577 1797 2762 1859; x_wconf 91' lang='lat' dir='ltr'>nobis</span> <span class='ocrx_word' id='word_1_140' title='bbox 2789 1812 2895 1859; x_wconf 84' lang='lat' dir='ltr'>co·-</span> 
     </span>
     <span class='ocr_line' id='line_1_15' title="bbox 553 1895 2894 1975; baseline -0.002 -17"><span class='ocrx_word' id='word_1_141' title='bbox 553 1899 728 1974; x_wconf 87' lang='lat' dir='ltr'>gniti</span> <span class='ocrx_word' id='word_1_142' title='bbox 767 1900 934 1959; x_wconf 80' lang='lat' dir='ltr'>sunt</span> <span class='ocrx_word' id='word_1_143' title='bbox 978 1899 1273 1958; x_wconf 85' lang='lat' dir='ltr'>Ceterum</span> <span class='ocrx_word' id='word_1_144' title='bbox 1318 1898 1386 1959; x_wconf 88' lang='lat' dir='ltr'>et</span> <span class='ocrx_word' id='word_1_145' title='bbox 1427 1898 1509 1958; x_wconf 91' lang='lat' dir='ltr'>ad</span> <span class='ocrx_word' id='word_1_146' title='bbox 1557 1897 1731 1958; x_wconf 85' lang='lat' dir='ltr'>hanc</span> <span class='ocrx_word' id='word_1_147' title='bbox 1778 1898 2101 1975; x_wconf 90' lang='lat' dir='ltr'>Apollinis</span> <span class='ocrx_word' id='word_1_148' title='bbox 2164 1898 2505 1974; x_wconf 87' lang='lat' dir='ltr'>Liberique</span> <span class='ocrx_word' id='word_1_149' title='bbox 2564 1895 2894 1957; x_wconf 88' lang='lat' dir='ltr'>unitatem</span> 
     </span>
     <span class='ocr_line' id='line_1_16' title="bbox 557 1995 2892 2059; baseline -0.002 -1"><span class='ocrx_word' id='word_1_150' title='bbox 557 1997 971 2058; x_wconf 86' lang='lat' dir='ltr'>statuendam</span> <span class='ocrx_word' id='word_1_151' title='bbox 1013 1995 1476 2056; x_wconf 88' lang='lat' dir='ltr'>Varronianus</span> <span class='ocrx_word' id='word_1_152' title='bbox 1517 1996 1697 2058; x_wconf 91' lang='lat' dir='ltr'>locus</span> <span class='ocrx_word' id='word_1_153' title='bbox 1738 1997 1856 2058; x_wconf 91' lang='lat' dir='ltr'>sub</span> <span class='ocrx_word' id='word_1_154' title='bbox 1896 2013 2074 2058; x_wconf 92' lang='lat' dir='ltr'>num.</span> <span class='ocrx_word' id='word_1_155' title='bbox 2116 2000 2389 2059; x_wconf 90' lang='lat' dir='ltr'>XXXIII</span> <span class='ocrx_word' id='word_1_156' title='bbox 2430 2013 2469 2057; x_wconf 92' lang='lat' dir='ltr'>a</span> <span class='ocrx_word' id='word_1_157' title='bbox 2510 2011 2614 2057; x_wconf 90' lang='lat' dir='ltr'>me</span> <span class='ocrx_word' id='word_1_158' title='bbox 2648 1995 2892 2057; x_wconf 89' lang='lat' dir='ltr'>relatus</span> 
     </span>
     <span class='ocr_line' id='line_1_17' title="bbox 555 2083 2357 2168; baseline -0.001 -12"><span class='ocrx_word' id='word_1_159' title='bbox 555 2096 815 2157; x_wconf 79' lang='lat' dir='ltr'>videtur</span> <span class='ocrx_word' id='word_1_160' title='bbox 859 2110 899 2155; x_wconf 90' lang='lat' dir='ltr'>a</span> <span class='ocrx_word' id='word_1_161' title='bbox 937 2093 1281 2159; x_wconf 83' lang='lat' dir='ltr'>MacrobiO.</span> <span class='ocrx_word' id='word_1_162' title='bbox 1326 2083 1399 2156; x_wconf 90' lang='lat' dir='ltr'>ut</span> <span class='ocrx_word' id='word_1_163' title='bbox 1438 2095 1792 2168; x_wconf 78' lang='lat' dir='ltr'>innuimuS,</span> <span class='ocrx_word' id='word_1_164' title='bbox 1841 2095 2154 2158; x_wconf 90' lang='lat' dir='ltr'>adductus</span> <span class='ocrx_word' id='word_1_165' title='bbox 2196 2110 2357 2156; x_wconf 89' lang='lat' dir='ltr'>esse.</span> 
     </span>
    </p>

    <p class='ocr_par' dir='ltr' id='par_1_2' title="bbox 555 2192 2913 3825">
     <span class='ocr_line' id='line_1_18' title="bbox 583 2192 2913 2270; baseline 0 -18"><span class='ocrx_word' id='word_1_166' title='bbox 583 2229 591 2234; x_wconf 86' lang='lat'>-</span> <span class='ocrx_word' id='word_1_167' title='bbox 637 2193 707 2253; x_wconf 92' lang='lat' dir='ltr'>Si</span> <span class='ocrx_word' id='word_1_168' title='bbox 749 2207 903 2268; x_wconf 89' lang='lat' dir='ltr'>ergo</span> <span class='ocrx_word' id='word_1_169' title='bbox 944 2192 1313 2254; x_wconf 87' lang='lat' dir='ltr'>Macrobius</span> <span class='ocrx_word' id='word_1_170' title='bbox 1353 2193 1428 2253; x_wconf 90' lang='lat' dir='ltr'>de</span> <span class='ocrx_word' id='word_1_171' title='bbox 1469 2193 1705 2255; x_wconf 88' lang='lat' dir='ltr'>ceteris</span> <span class='ocrx_word' id='word_1_172' title='bbox 1746 2194 1843 2254; x_wconf 93' lang='lat' dir='ltr'>dis</span> <span class='ocrx_word' id='word_1_173' title='bbox 1872 2194 2209 2256; x_wconf 90' lang='lat' dir='ltr'>locuturus</span> <span class='ocrx_word' id='word_1_174' title='bbox 2236 2194 2496 2270; x_wconf 88' lang='lat' dir='ltr'>poterat</span> <span class='ocrx_word' id='word_1_175' title='bbox 2521 2193 2754 2270; x_wconf 90' lang='lat' dir='ltr'>quippe</span> <span class='ocrx_word' id='word_1_176' title='bbox 2780 2207 2913 2268; x_wconf 82' lang='lat' dir='ltr'>ge-.</span> 
     </span>
     <span class='ocr_line' id='line_1_19' title="bbox 560 2290 2889 2367; baseline 0 -17"><span class='ocrx_word' id='word_1_177' title='bbox 560 2290 816 2350; x_wconf 87' lang='lat' dir='ltr'>nerales</span> <span class='ocrx_word' id='word_1_178' title='bbox 857 2290 1148 2352; x_wconf 89' lang='lat' dir='ltr'>notiones</span> <span class='ocrx_word' id='word_1_179' title='bbox 1191 2293 1256 2353; x_wconf 88' lang='lat' dir='ltr'>et</span> <span class='ocrx_word' id='word_1_180' title='bbox 1299 2291 1518 2367; x_wconf 92' lang='lat' dir='ltr'>aliqua</span> <span class='ocrx_word' id='word_1_181' title='bbox 1556 2291 1887 2367; x_wconf 85' lang='lat' dir='ltr'>fragmina</span> <span class='ocrx_word' id='word_1_182' title='bbox 1912 2309 1951 2352; x_wconf 89' lang='lat' dir='ltr'>a</span> <span class='ocrx_word' id='word_1_183' title='bbox 1977 2291 2258 2353; x_wconf 87' lang='lat' dir='ltr'>Reatino</span> <span class='ocrx_word' id='word_1_184' title='bbox 2285 2292 2551 2353; x_wconf 85' lang='lat' dir='ltr'>auctore</span> <span class='ocrx_word' id='word_1_185' title='bbox 2582 2291 2889 2366; x_wconf 89' lang='lat' dir='ltr'>mutuari,</span> 
     </span>
     <span class='ocr_line' id='line_1_20' title="bbox 556 2387 2894 2467; baseline 0 -19"><span class='ocrx_word' id='word_1_186' title='bbox 556 2390 635 2448; x_wconf 94' lang='lat' dir='ltr'>de</span> <span class='ocrx_word' id='word_1_187' title='bbox 662 2387 958 2463; x_wconf 89' lang='lat' dir='ltr'>Apolline</span> <span class='ocrx_word' id='word_1_188' title='bbox 985 2404 1138 2449; x_wconf 86' lang='lat' dir='ltr'>vero</span> <span class='ocrx_word' id='word_1_189' title='bbox 1171 2389 1361 2465; x_wconf 91' lang='lat' dir='ltr'>atque</span> <span class='ocrx_word' id='word_1_190' title='bbox 1390 2389 1623 2452; x_wconf 89' lang='lat' dir='ltr'>Libero</span> <span class='ocrx_word' id='word_1_191' title='bbox 1651 2391 1714 2450; x_wconf 90' lang='lat' dir='ltr'>ei</span> <span class='ocrx_word' id='word_1_192' title='bbox 1744 2390 2135 2467; x_wconf 89' lang='lat' dir='ltr'>disceptanti</span> <span class='ocrx_word' id='word_1_193' title='bbox 2162 2388 2555 2466; x_wconf 89' lang='lat' dir='ltr'>peculiarem</span> <span class='ocrx_word' id='word_1_194' title='bbox 2577 2389 2894 2451; x_wconf 89' lang='lat' dir='ltr'>Varronis</span> 
     </span>
     <span class='ocr_line' id='line_1_21' title="bbox 555 2485 2892 2569; baseline 0.001 -23"><span class='ocrx_word' id='word_1_195' title='bbox 555 2487 921 2548; x_wconf 89' lang='lat' dir='ltr'>doctrinam</span> <span class='ocrx_word' id='word_1_196' title='bbox 962 2485 1033 2547; x_wconf 90' lang='lat' dir='ltr'>in</span> <span class='ocrx_word' id='word_1_197' title='bbox 1073 2503 1266 2548; x_wconf 93' lang='lat' dir='ltr'>usum</span> <span class='ocrx_word' id='word_1_198' title='bbox 1309 2504 1498 2549; x_wconf 90' lang='lat' dir='ltr'>suum</span> <span class='ocrx_word' id='word_1_199' title='bbox 1550 2490 1931 2569; x_wconf 84' lang='lat' dir='ltr'>convertere</span> <span class='ocrx_word' id='word_1_200' title='bbox 1992 2491 2167 2551; x_wconf 88' lang='lat' dir='ltr'>certe</span> <span class='ocrx_word' id='word_1_201' title='bbox 2229 2505 2502 2566; x_wconf 89' lang='lat' dir='ltr'>pronum</span> <span class='ocrx_word' id='word_1_202' title='bbox 2564 2492 2727 2552; x_wconf 90' lang='lat' dir='ltr'>erat.</span> <span class='ocrx_word' id='word_1_203' title='bbox 2772 2488 2892 2549; x_wconf 90' lang='lat' dir='ltr'>Sed</span> 
     </span>
     <span class='ocr_line' id='line_1_22' title="bbox 558 2585 2893 2664; baseline 0.001 -20"><span class='ocrx_word' id='word_1_204' title='bbox 558 2585 721 2644; x_wconf 87' lang='lat' dir='ltr'>haec</span> <span class='ocrx_word' id='word_1_205' title='bbox 763 2600 883 2644; x_wconf 91' lang='lat' dir='ltr'>sua</span> <span class='ocrx_word' id='word_1_206' title='bbox 923 2585 1214 2660; x_wconf 88' lang='lat' dir='ltr'>potestas</span> <span class='ocrx_word' id='word_1_207' title='bbox 1260 2601 1336 2646; x_wconf 89' lang='lat' dir='ltr'>ac</span> <span class='ocrx_word' id='word_1_208' title='bbox 1375 2588 1719 2664; x_wconf 90' lang='lat' dir='ltr'>propensio</span> <span class='ocrx_word' id='word_1_209' title='bbox 1783 2588 2240 2664; x_wconf 82' lang='lat' dir='ltr'>argumentum</span> <span class='ocrx_word' id='word_1_210' title='bbox 2300 2587 2470 2650; x_wconf 84' lang='lat' dir='ltr'>foret</span> <span class='ocrx_word' id='word_1_211' title='bbox 2530 2603 2664 2650; x_wconf 91' lang='lat' dir='ltr'>non</span> <span class='ocrx_word' id='word_1_212' title='bbox 2726 2586 2893 2649; x_wconf 89' lang='lat' dir='ltr'>satis</span> 
     </span>
     <span class='ocr_line' id='line_1_23' title="bbox 559 2683 2895 2765; baseline 0.001 -23"><span class='ocrx_word' id='word_1_213' title='bbox 559 2683 866 2756; x_wconf 86' lang='lat' dir='ltr'>validum,</span> <span class='ocrx_word' id='word_1_214' title='bbox 907 2685 978 2744; x_wconf 92' lang='lat' dir='ltr'>ni</span> <span class='ocrx_word' id='word_1_215' title='bbox 1023 2685 1105 2746; x_wconf 92' lang='lat' dir='ltr'>ad</span> <span class='ocrx_word' id='word_1_216' title='bbox 1145 2685 1545 2762; x_wconf 85' lang='lat' dir='ltr'>probandam</span> <span class='ocrx_word' id='word_1_217' title='bbox 1607 2687 2054 2765; x_wconf 90' lang='lat' dir='ltr'>usurpationis</span> <span class='ocrx_word' id='word_1_218' title='bbox 2114 2686 2543 2763; x_wconf 87' lang='lat' dir='ltr'>suspicionem</span> <span class='ocrx_word' id='word_1_219' title='bbox 2584 2684 2895 2761; x_wconf 87' lang='lat' dir='ltr'>graviora</span> 
     </span>
     <span class='ocr_line' id='line_1_24' title="bbox 557 2781 2894 2869; baseline 0.002 -30"><span class='ocrx_word' id='word_1_220' title='bbox 557 2781 805 2841; x_wconf 89' lang='lat' dir='ltr'>indicia</span> <span class='ocrx_word' id='word_1_221' title='bbox 845 2781 1028 2842; x_wconf 91' lang='lat' dir='ltr'>nobis</span> <span class='ocrx_word' id='word_1_222' title='bbox 1069 2784 1502 2869; x_wconf 88' lang='lat' dir='ltr'>suppeterent.</span> <span class='ocrx_word' id='word_1_223' title='bbox 1548 2785 1728 2844; x_wconf 89' lang='lat' dir='ltr'>Haec</span> <span class='ocrx_word' id='word_1_224' title='bbox 1772 2785 1993 2847; x_wconf 90' lang='lat' dir='ltr'>autem</span> <span class='ocrx_word' id='word_1_225' title='bbox 2034 2784 2299 2857; x_wconf 90' lang='lat' dir='ltr'>indicia,</span> <span class='ocrx_word' id='word_1_226' title='bbox 2342 2786 2419 2845; x_wconf 87' lang='lat' dir='ltr'>ut</span> <span class='ocrx_word' id='word_1_227' title='bbox 2479 2784 2725 2860; x_wconf 89' lang='lat' dir='ltr'>opinor,</span> <span class='ocrx_word' id='word_1_228' title='bbox 2768 2784 2894 2844; x_wconf 89' lang='lat' dir='ltr'>duo</span> 
     </span>
     <span class='ocr_line' id='line_1_25' title="bbox 558 2879 2894 2960; baseline 0.003 -22"><span class='ocrx_word' id='word_1_229' title='bbox 558 2879 736 2940; x_wconf 84' lang='lat' dir='ltr'>sunt:</span> <span class='ocrx_word' id='word_1_230' title='bbox 780 2881 1004 2942; x_wconf 91' lang='lat' dir='ltr'>modus</span> <span class='ocrx_word' id='word_1_231' title='bbox 1045 2897 1169 2957; x_wconf 92' lang='lat' dir='ltr'>quo</span> <span class='ocrx_word' id='word_1_232' title='bbox 1229 2881 1598 2944; x_wconf 88' lang='lat' dir='ltr'>Macrobius</span> <span class='ocrx_word' id='word_1_233' title='bbox 1639 2899 1780 2944; x_wconf 90' lang='lat' dir='ltr'>rem</span> <span class='ocrx_word' id='word_1_234' title='bbox 1834 2901 2020 2946; x_wconf 89' lang='lat' dir='ltr'>suam</span> <span class='ocrx_word' id='word_1_235' title='bbox 2061 2884 2351 2960; x_wconf 91' lang='lat' dir='ltr'>disponit</span> <span class='ocrx_word' id='word_1_236' title='bbox 2392 2899 2473 2945; x_wconf 89' lang='lat' dir='ltr'>ac</span> <span class='ocrx_word' id='word_1_237' title='bbox 2508 2882 2894 2960; x_wconf 87' lang='lat' dir='ltr'>pertractat,</span> 
     </span>
     <span class='ocr_line' id='line_1_26' title="bbox 558 2980 2896 3060; baseline 0.001 -22"><span class='ocrx_word' id='word_1_238' title='bbox 558 2980 910 3055; x_wconf 86' lang='lat' dir='ltr'>scriptores</span> <span class='ocrx_word' id='word_1_239' title='bbox 971 2994 1238 3056; x_wconf 91' lang='lat' dir='ltr'>quorum</span> <span class='ocrx_word' id='word_1_240' title='bbox 1297 2982 1556 3042; x_wconf 90' lang='lat' dir='ltr'>nomine</span> <span class='ocrx_word' id='word_1_241' title='bbox 1624 2981 1814 3060; x_wconf 89' lang='lat' dir='ltr'>atque</span> <span class='ocrx_word' id='word_1_242' title='bbox 1878 2983 2274 3044; x_wconf 81' lang='lat' dir='ltr'>auctoritate</span> <span class='ocrx_word' id='word_1_243' title='bbox 2328 2981 2619 3043; x_wconf 84' lang='lat' dir='ltr'>fulcitur.</span> <span class='ocrx_word' id='word_1_244' title='bbox 2674 2980 2896 3042; x_wconf 91' lang='lat' dir='ltr'>Modus</span> 
     </span>
     <span class='ocr_line' id='line_1_27' title="bbox 563 3078 2897 3156; baseline 0 -18"><span class='ocrx_word' id='word_1_245' title='bbox 563 3078 782 3139; x_wconf 91' lang='lat' dir='ltr'>autem</span> <span class='ocrx_word' id='word_1_246' title='bbox 824 3094 1011 3154; x_wconf 92' lang='lat' dir='ltr'>quem</span> <span class='ocrx_word' id='word_1_247' title='bbox 1041 3079 1110 3139; x_wconf 91' lang='lat' dir='ltr'>in</span> <span class='ocrx_word' id='word_1_248' title='bbox 1136 3078 1263 3139; x_wconf 88' lang='lat' dir='ltr'>hac</span> <span class='ocrx_word' id='word_1_249' title='bbox 1310 3079 1751 3156; x_wconf 88' lang='lat' dir='ltr'>disputatione</span> <span class='ocrx_word' id='word_1_250' title='bbox 1799 3081 2025 3141; x_wconf 87' lang='lat' dir='ltr'>servat</span> <span class='ocrx_word' id='word_1_251' title='bbox 2062 3081 2117 3141; x_wconf 91' lang='lat' dir='ltr'>is</span> <span class='ocrx_word' id='word_1_252' title='bbox 2150 3081 2275 3142; x_wconf 88' lang='lat' dir='ltr'>est:</span> <span class='ocrx_word' id='word_1_253' title='bbox 2305 3079 2522 3142; x_wconf 89' lang='lat' dir='ltr'>thesin</span> <span class='ocrx_word' id='word_1_254' title='bbox 2551 3094 2738 3140; x_wconf 91' lang='lat' dir='ltr'>suam</span> <span class='ocrx_word' id='word_1_255' title='bbox 2762 3078 2897 3153; x_wconf 86' lang='lat' dir='ltr'>ety-</span> 
     </span>
     <span class='ocr_line' id='line_1_28' title="bbox 560 3175 2899 3255; baseline -0 -20"><span class='ocrx_word' id='word_1_256' title='bbox 560 3175 877 3250; x_wconf 90' lang='lat' dir='ltr'>mologiae</span> <span class='ocrx_word' id='word_1_257' title='bbox 917 3193 1036 3253; x_wconf 91' lang='lat' dir='ltr'>ope</span> <span class='ocrx_word' id='word_1_258' title='bbox 1076 3176 1542 3239; x_wconf 88' lang='lat' dir='ltr'>demonstrare.</span> <span class='ocrx_word' id='word_1_259' title='bbox 1585 3178 1755 3239; x_wconf 89' lang='lat' dir='ltr'>Hinc</span> <span class='ocrx_word' id='word_1_260' title='bbox 1813 3179 2157 3255; x_wconf 89' lang='lat' dir='ltr'>utriusque</span> <span class='ocrx_word' id='word_1_261' title='bbox 2218 3178 2323 3238; x_wconf 91' lang='lat' dir='ltr'>dei</span> <span class='ocrx_word' id='word_1_262' title='bbox 2382 3177 2575 3238; x_wconf 79' lang='lat' dir='ltr'>varia</span> <span class='ocrx_word' id='word_1_263' title='bbox 2627 3175 2899 3237; x_wconf 92' lang='lat' dir='ltr'>nomina</span> 
     </span>
     <span class='ocr_line' id='line_1_29' title="bbox 561 3273 2896 3353; baseline 0 -19"><span class='ocrx_word' id='word_1_264' title='bbox 561 3275 848 3350; x_wconf 86' lang='lat' dir='ltr'>epitheta</span> <span class='ocrx_word' id='word_1_265' title='bbox 887 3275 1242 3350; x_wconf 88' lang='lat' dir='ltr'>qualitates</span> <span class='ocrx_word' id='word_1_266' title='bbox 1282 3291 1475 3336; x_wconf 90' lang='lat' dir='ltr'>sacra</span> <span class='ocrx_word' id='word_1_267' title='bbox 1517 3275 1654 3337; x_wconf 90' lang='lat' dir='ltr'>dies</span> <span class='ocrx_word' id='word_1_268' title='bbox 1684 3275 1879 3338; x_wconf 84' lang='lat' dir='ltr'>festos</span> <span class='ocrx_word' id='word_1_269' title='bbox 1910 3279 2030 3339; x_wconf 92' lang='lat' dir='ltr'>etc.</span> <span class='ocrx_word' id='word_1_270' title='bbox 2064 3275 2317 3353; x_wconf 85' lang='lat' dir='ltr'>analysi</span> <span class='ocrx_word' id='word_1_271' title='bbox 2346 3274 2775 3352; x_wconf 89' lang='lat' dir='ltr'>etymologica</span> <span class='ocrx_word' id='word_1_272' title='bbox 2795 3273 2896 3334; x_wconf 90' lang='lat' dir='ltr'>in-</span> 
     </span>
     <span class='ocr_line' id='line_1_30' title="bbox 561 3373 2895 3452; baseline -0.001 -18"><span class='ocrx_word' id='word_1_273' title='bbox 561 3373 979 3448; x_wconf 87' lang='lat' dir='ltr'>terpretatur,</span> <span class='ocrx_word' id='word_1_274' title='bbox 1021 3389 1144 3449; x_wconf 91' lang='lat' dir='ltr'>quo</span> <span class='ocrx_word' id='word_1_275' title='bbox 1178 3389 1262 3434; x_wconf 84' lang='lat' dir='ltr'>ex</span> <span class='ocrx_word' id='word_1_276' title='bbox 1290 3374 1582 3450; x_wconf 89' lang='lat' dir='ltr'>pluribus</span> <span class='ocrx_word' id='word_1_277' title='bbox 1624 3374 1858 3452; x_wconf 86' lang='lat' dir='ltr'>etymis</span> <span class='ocrx_word' id='word_1_278' title='bbox 1898 3376 2077 3437; x_wconf 90' lang='lat' dir='ltr'>inter</span> <span class='ocrx_word' id='word_1_279' title='bbox 2103 3391 2243 3435; x_wconf 90' lang='lat' dir='ltr'>sese</span> <span class='ocrx_word' id='word_1_280' title='bbox 2272 3374 2667 3451; x_wconf 89' lang='lat' dir='ltr'>comparatis</span> <span class='ocrx_word' id='word_1_281' title='bbox 2695 3388 2895 3433; x_wconf 91' lang='lat' dir='ltr'>unam</span> 
     </span>
     <span class='ocr_line' id='line_1_31' title="bbox 560 3470 2899 3550; baseline 0 -20"><span class='ocrx_word' id='word_1_282' title='bbox 560 3471 628 3532; x_wconf 89' lang='lat' dir='ltr'>et</span> <span class='ocrx_word' id='word_1_283' title='bbox 665 3471 936 3531; x_wconf 88' lang='lat' dir='ltr'>eandem</span> <span class='ocrx_word' id='word_1_284' title='bbox 979 3470 1341 3534; x_wconf 90' lang='lat' dir='ltr'>illationem</span> <span class='ocrx_word' id='word_1_285' title='bbox 1385 3489 1614 3533; x_wconf 90' lang='lat' dir='ltr'>eruere</span> <span class='ocrx_word' id='word_1_286' title='bbox 1655 3473 1871 3549; x_wconf 91' lang='lat' dir='ltr'>possit.</span> <span class='ocrx_word' id='word_1_287' title='bbox 1916 3473 2274 3550; x_wconf 90' lang='lat' dir='ltr'>Scriptores</span> <span class='ocrx_word' id='word_1_288' title='bbox 2315 3488 2469 3535; x_wconf 82' lang='lat' dir='ltr'>vero</span> <span class='ocrx_word' id='word_1_289' title='bbox 2498 3470 2728 3548; x_wconf 91' lang='lat' dir='ltr'>quibus</span> <span class='ocrx_word' id='word_1_290' title='bbox 2756 3485 2899 3531; x_wconf 89' lang='lat' dir='ltr'>ma-</span> 
     </span>
     <span class='ocr_line' id='line_1_32' title="bbox 559 3568 2899 3648; baseline -0.001 -20"><span class='ocrx_word' id='word_1_291' title='bbox 559 3569 737 3628; x_wconf 84' lang='lat' dir='ltr'>xime</span> <span class='ocrx_word' id='word_1_292' title='bbox 778 3568 990 3631; x_wconf 90' lang='lat' dir='ltr'>utitur</span> <span class='ocrx_word' id='word_1_293' title='bbox 1031 3571 1184 3632; x_wconf 90' lang='lat' dir='ltr'>sunt</span> <span class='ocrx_word' id='word_1_294' title='bbox 1223 3570 1565 3632; x_wconf 88' lang='lat' dir='ltr'>Cleanthes</span> <span class='ocrx_word' id='word_1_295' title='bbox 1625 3570 2049 3648; x_wconf 90' lang='lat' dir='ltr'>Apollodorus</span> <span class='ocrx_word' id='word_1_296' title='bbox 2110 3571 2459 3648; x_wconf 91' lang='lat' dir='ltr'>Antipater</span> <span class='ocrx_word' id='word_1_297' title='bbox 2507 3569 2899 3646; x_wconf 84' lang='lat' dir='ltr'>Chrysippus</span> 
     </span>
     <span class='ocr_line' id='line_1_33' title="bbox 562 3666 2899 3746; baseline 0 -20"><span class='ocrx_word' id='word_1_298' title='bbox 562 3666 824 3742; x_wconf 89' lang='lat' dir='ltr'>Physici</span> <span class='ocrx_word' id='word_1_299' title='bbox 887 3667 1126 3744; x_wconf 91' lang='lat' dir='ltr'>aliique</span> <span class='ocrx_word' id='word_1_300' title='bbox 1187 3669 1506 3746; x_wconf 90' lang='lat' dir='ltr'>nonnulli,</span> <span class='ocrx_word' id='word_1_301' title='bbox 1567 3669 1643 3732; x_wconf 92' lang='lat' dir='ltr'>ut</span> <span class='ocrx_word' id='word_1_302' title='bbox 1682 3669 1759 3731; x_wconf 91' lang='lat' dir='ltr'>de</span> <span class='ocrx_word' id='word_1_303' title='bbox 1821 3669 2097 3732; x_wconf 90' lang='lat' dir='ltr'>Platone</span> <span class='ocrx_word' id='word_1_304' title='bbox 2147 3669 2500 3732; x_wconf 88' lang='lat' dir='ltr'>Aristotele</span> <span class='ocrx_word' id='word_1_305' title='bbox 2564 3683 2640 3729; x_wconf 89' lang='lat' dir='ltr'>ac</span> <span class='ocrx_word' id='word_1_306' title='bbox 2682 3666 2899 3729; x_wconf 86' lang='lat' dir='ltr'>Poetis</span> 
     </span>
     <span class='ocr_line' id='line_1_34' title="bbox 565 3771 858 3825; baseline 0.003 -1"><span class='ocrx_word' id='word_1_307' title='bbox 565 3771 821 3825; x_wconf 57' lang='lat' dir='ltr'>iuream</span> <span class='ocrx_word' id='word_1_308' title='bbox 843 3810 858 3825; x_wconf 90' lang='lat'><strong>.</strong></span> 
     </span>
    </p>

    <p class='ocr_par' dir='ltr' id='par_1_3' title="bbox 557 3864 2925 4535">
     <span class='ocr_line' id='line_1_35' title="bbox 641 3864 2900 3945; baseline 0.002 -26"><span class='ocrx_word' id='word_1_309' title='bbox 641 3868 725 3924; x_wconf 55' lang='lat' dir='ltr'>At.</span> <span class='ocrx_word' id='word_1_310' title='bbox 761 3865 1189 3928; x_wconf 89' lang='lat' dir='ltr'>memoratum</span> <span class='ocrx_word' id='word_1_311' title='bbox 1232 3865 1677 3928; x_wconf 89' lang='lat' dir='ltr'>ratiocinandi</span> <span class='ocrx_word' id='word_1_312' title='bbox 1718 3868 1974 3929; x_wconf 90' lang='lat' dir='ltr'>modum</span> <span class='ocrx_word' id='word_1_313' title='bbox 2017 3884 2155 3929; x_wconf 90' lang='lat' dir='ltr'>esse</span> <span class='ocrx_word' id='word_1_314' title='bbox 2195 3883 2458 3945; x_wconf 88' lang='lat' dir='ltr'>prorsus</span> <span class='ocrx_word' id='word_1_315' title='bbox 2499 3868 2565 3929; x_wconf 91' lang='lat' dir='ltr'>et</span> <span class='ocrx_word' id='word_1_316' title='bbox 2592 3865 2727 3928; x_wconf 80' lang='lat' dir='ltr'>fere</span> <span class='ocrx_word' id='word_1_317' title='bbox 2768 3864 2900 3926; x_wconf 84' lang='lat' dir='ltr'>sin-</span> 
     </span>
     <span class='ocr_line' id='line_1_36' title="bbox 561 3962 2900 4040; baseline 0.001 -20"><span class='ocrx_word' id='word_1_318' title='bbox 561 3962 880 4036; x_wconf 59' lang='lat' dir='ltr'>gulariter</span> <span class='ocrx_word' id='word_1_319' title='bbox 919 3964 1404 4025; x_wconf 89' lang='lat' dir='ltr'>Varronianum</span> <span class='ocrx_word' id='word_1_320' title='bbox 1447 3965 1609 4026; x_wconf 89' lang='lat' dir='ltr'>adeo</span> <span class='ocrx_word' id='word_1_321' title='bbox 1650 3966 1915 4028; x_wconf 90' lang='lat' dir='ltr'>certum.</span> <span class='ocrx_word' id='word_1_322' title='bbox 1945 3965 2012 4026; x_wconf 88' lang='lat' dir='ltr'>et</span> <span class='ocrx_word' id='word_1_323' title='bbox 2051 3966 2334 4028; x_wconf 83' lang='lat' dir='ltr'>cunctis·</span> <span class='ocrx_word' id='word_1_324' title='bbox 2375 3966 2604 4028; x_wconf 93' lang='lat' dir='ltr'>notum</span> <span class='ocrx_word' id='word_1_325' title='bbox 2663 3964 2785 4040; x_wconf 91' lang='lat' dir='ltr'>est,</span> <span class='ocrx_word' id='word_1_326' title='bbox 2824 3964 2900 4023; x_wconf 89' lang='lat' dir='ltr'>ut</span> 
     </span>
     <span class='ocr_line' id='line_1_37' title="bbox 565 4060 2901 4140; baseline 0.001 -20"><span class='ocrx_word' id='word_1_327' title='bbox 565 4080 661 4120; x_wconf 61' lang='lat' dir='ltr'>res</span> <span class='ocrx_word' id='word_1_328' title='bbox 705 4060 1254 4125; x_wconf 82' lang='lat' dir='ltr'>demonstratione</span> <span class='ocrx_word' id='word_1_329' title='bbox 1295 4077 1426 4124; x_wconf 90' lang='lat' dir='ltr'>non</span> <span class='ocrx_word' id='word_1_330' title='bbox 1467 4064 1677 4140; x_wconf 85' lang='lat' dir='ltr'>egeat:</span> <span class='ocrx_word' id='word_1_331' title='bbox 1721 4065 1947 4125; x_wconf 90' lang='lat' dir='ltr'>omnia</span> <span class='ocrx_word' id='word_1_332' title='bbox 1987 4065 2163 4125; x_wconf 91' lang='lat' dir='ltr'>enim</span> <span class='ocrx_word' id='word_1_333' title='bbox 2204 4080 2369 4140; x_wconf 89' lang='lat' dir='ltr'>quae</span> <span class='ocrx_word' id='word_1_334' title='bbox 2408 4064 2727 4125; x_wconf 89' lang='lat' dir='ltr'>Varronis</span> <span class='ocrx_word' id='word_1_335' title='bbox 2756 4077 2901 4139; x_wconf 91' lang='lat' dir='ltr'>ope-</span> 
     </span>
     <span class='ocr_line' id='line_1_38' title="bbox 561 4161 2925 4239; baseline 0.002 -24"><span class='ocrx_word' id='word_1_336' title='bbox 561 4176 709 4216; x_wconf 74' lang='lat' dir='ltr'>Tum</span> <span class='ocrx_word' id='word_1_337' title='bbox 749 4161 1094 4235; x_wconf 87' lang='lat' dir='ltr'>supersunt</span> <span class='ocrx_word' id='word_1_338' title='bbox 1135 4161 1238 4220; x_wconf 80' lang='lat' dir='ltr'>vel</span> <span class='ocrx_word' id='word_1_339' title='bbox 1282 4161 1597 4235; x_wconf 90' lang='lat' dir='ltr'>citantur,</span> <span class='ocrx_word' id='word_1_340' title='bbox 1640 4161 1698 4222; x_wconf 90' lang='lat' dir='ltr'>si</span> <span class='ocrx_word' id='word_1_341' title='bbox 1739 4178 1935 4239; x_wconf 91' lang='lat' dir='ltr'>prosa</span> <span class='ocrx_word' id='word_1_342' title='bbox 1977 4162 2277 4225; x_wconf 88' lang='lat' dir='ltr'>oratione</span> <span class='ocrx_word' id='word_1_343' title='bbox 2319 4161 2689 4239; x_wconf 88' lang='lat' dir='ltr'>conscripta</span> <span class='ocrx_word' id='word_1_344' title='bbox 2715 4161 2925 4230; x_wconf 85' lang='lat' dir='ltr'>sunt,-</span> 
     </span>
     <span class='ocr_line' id='line_1_39' title="bbox 565 4255 2901 4338; baseline 0.003 -26"><span class='ocrx_word' id='word_1_345' title='bbox 565 4255 1050 4332; x_wconf 52' lang='lat' dir='ltr'>etymologicam</span> <span class='ocrx_word' id='word_1_346' title='bbox 1092 4258 1450 4320; x_wconf 88' lang='lat' dir='ltr'>disserendi</span> <span class='ocrx_word' id='word_1_347' title='bbox 1491 4259 1772 4321; x_wconf 84' lang='lat' dir='ltr'>formam</span> <span class='ocrx_word' id='word_1_348' title='bbox 1814 4277 1970 4338; x_wconf 90' lang='lat' dir='ltr'>prae</span> <span class='ocrx_word' id='word_1_349' title='bbox 2012 4277 2079 4322; x_wconf 92' lang='lat' dir='ltr'>se</span> <span class='ocrx_word' id='word_1_350' title='bbox 2121 4260 2360 4322; x_wconf 88' lang='lat' dir='ltr'>ferunt.</span> <span class='ocrx_word' id='word_1_351' title='bbox 2399 4259 2759 4337; x_wconf 81' lang='lat' dir='ltr'>Scriptores</span> <span class='ocrx_word' id='word_1_352' title='bbox 2788 4276 2901 4321; x_wconf 92' lang='lat' dir='ltr'>au-</span> 
     </span>
     <span class='ocr_line' id='line_1_40' title="bbox 561 4355 2900 4436; baseline 0.002 -24"><span class='ocrx_word' id='word_1_353' title='bbox 561 4356 689 4412; x_wconf 60' lang='lat' dir='ltr'>tem</span> <span class='ocrx_word' id='word_1_354' title='bbox 737 4369 776 4414; x_wconf 84' lang='lat' dir='ltr'>a</span> <span class='ocrx_word' id='word_1_355' title='bbox 815 4355 1143 4418; x_wconf 87' lang='lat' dir='ltr'>Macrobio</span> <span class='ocrx_word' id='word_1_356' title='bbox 1183 4357 1291 4418; x_wconf 90' lang='lat' dir='ltr'>hic</span> <span class='ocrx_word' id='word_1_357' title='bbox 1352 4358 1679 4422; x_wconf 88' lang='lat' dir='ltr'>nominati</span> <span class='ocrx_word' id='word_1_358' title='bbox 1740 4359 2028 4436; x_wconf 79' lang='lat' dir='ltr'>profecto</span> <span class='ocrx_word' id='word_1_359' title='bbox 2089 4359 2139 4420; x_wconf 91' lang='lat' dir='ltr'>ii</span> <span class='ocrx_word' id='word_1_360' title='bbox 2182 4361 2352 4430; x_wconf 90' lang='lat' dir='ltr'>sunt,</span> <span class='ocrx_word' id='word_1_361' title='bbox 2416 4358 2647 4436; x_wconf 92' lang='lat' dir='ltr'>quibus</span> <span class='ocrx_word' id='word_1_362' title='bbox 2686 4359 2900 4420; x_wconf 87' lang='lat' dir='ltr'>Varro</span> 
     </span>
     <span class='ocr_line' id='line_1_41' title="bbox 557 4452 2902 4535; baseline 0.003 -27"><span class='ocrx_word' id='word_1_363' title='bbox 557 4452 1050 4528; x_wconf 75' lang='lat' dir='ltr'>diligentissime</span> <span class='ocrx_word' id='word_1_364' title='bbox 1091 4455 1358 4533; x_wconf 85' lang='lat' dir='ltr'>studuit,</span> <span class='ocrx_word' id='word_1_365' title='bbox 1402 4472 1749 4535; x_wconf 90' lang='lat' dir='ltr'>eorumque</span> <span class='ocrx_word' id='word_1_366' title='bbox 1788 4456 2086 4535; x_wconf 89' lang='lat' dir='ltr'>operibus</span> <span class='ocrx_word' id='word_1_367' title='bbox 2128 4457 2200 4518; x_wconf 93' lang='lat' dir='ltr'>in</span> <span class='ocrx_word' id='word_1_368' title='bbox 2238 4457 2683 4534; x_wconf 88' lang='lat' dir='ltr'>etymologicis</span> <span class='ocrx_word' id='word_1_369' title='bbox 2708 4455 2902 4518; x_wconf 88' lang='lat' dir='ltr'>valde</span> 
     </span>
    </p>
   </div>
   <div class='ocr_carea' id='block_1_2' title="bbox 3310 727 3334 5096">
    <p class='ocr_par' dir='ltr' id='par_1_4' title="bbox 3310 727 3334 5096">
     <span class='ocr_line' id='line_1_42' title="bbox 3310 727 3334 5096; baseline 0 0"><span class='ocrx_word' id='word_1_370' title='bbox 3310 727 3334 5096; x_wconf 95' lang='lat' dir='ltr'> </span> 
     </span>
    </p>
   </div>
  </div>
 </body>
</html>
