3334 5192
632 442 672 499 8

705 558 822 619 His
861 557 1064 635 igitur
1103 558 1416 619 Gellianis
1478 556 1636 619 locis
1697 557 2001 634 exceptis
2064 556 2387 636 reliquum
2446 573 2638 620 omne
2678 560 2845 636 quod
2886 561 2955 620 in

626 656 795 718 libro
832 656 1104 734 septimo
1144 656 1517 719 continetur
1557 671 1592 716 e
1633 653 1974 718 Plutarchi
2015 655 2199 717 libris
2238 672 2396 734 quos
2435 658 2800 719 memoravi
2834 660 2959 720 fiu-

628 758 804 818 xisse
843 757 1096 819 certum
1135 757 1251 819 est.
1315 757 1390 815 In
1429 770 1554 833 quo
1597 755 1842 832 agendo
1903 753 2270 817 Macrobius
2329 754 2647 831 duplicem
2699 756 2956 817 modum

628 855 890 917 videtur
948 870 1265 916 servasse:
1332 854 1449 915 aut
1487 854 1662 914 enim
1726 852 2125 928 singularem
2164 851 2271 913 vel
2312 852 2505 913 binas
2548 853 2959 930 quaestiones

630 956 704 1015 in
765 954 985 1016 eodem
1047 952 1260 1030 capite
1301 951 1508 1013 fusius
1566 951 1757 1028 atque
1803 951 2181 1026 argumento
2238 951 2379 1028 post
2438 951 2630 1012 breve
2692 952 2957 1013 initium

628 1052 794 1114 satis
834 1050 1186 1113 enunciato
1247 1051 1520 1128 sumpsit
1578 1049 2092 1127 pertractandas
2161 1049 2279 1111 aut
2318 1049 2672 1112 multorum
2712 1039 2959 1127 p‘roble-

631 1150 884 1213 matum
923 1150 1218 1212 diversas
1259 1148 1611 1210 solutiones
1652 1149 1726 1209 in
1766 1163 1970 1209 unum
2011 1147 2207 1226 caput
2246 1147 2542 1223 redigens
2583 1164 2696 1226 per
2736 1165 2959 1210 omnes

628 1248 1103 1311 Chaeronensis
1164 1248 1382 1326 copias
1425 1248 1525 1310 ita
1565 1247 1805 1309 maluit
1845 1245 2226 1322 exspatiari,
2269 1247 2342 1308 ut
2379 1246 2482 1308 vel
2522 1247 2717 1308 tenue
2757 1248 2958 1310 vesti-

625 1348 808 1423 gium
849 1347 1171 1410 transitus
1211 1347 1312 1407 sui
1353 1346 1693 1423 linqueret,
1734 1344 2144 1422 oblatamque
2195 1343 2701 1420 disputationem
2746 1346 2957 1422 potius

628 1447 932 1523 tangeret
971 1462 1168 1523 quam
1210 1444 1600 1507 enuclearet.
1630 1446 1720 1504 De
1748 1445 1965 1520 priore
1997 1442 2228 1520 agendi
2271 1441 2548 1516 ratione,
2592 1459 2674 1504 ne
2709 1444 2959 1506 utrius-

629 1561 756 1622 que
797 1544 1129 1621 scriptoris
1172 1560 1542 1607 communes
1582 1544 1858 1620 paginas
1899 1541 2088 1604 iuxta
2128 1541 2509 1618 describam,
2548 1542 2657 1603 sed
2705 1543 2782 1605 ut
2829 1543 2959 1604 ido-

630 1645 775 1705 neis
840 1643 1151 1721 exemplis
1211 1659 1351 1704 rem
1411 1641 1768 1714 conficiam,
1831 1641 2068 1701 bonum
2124 1640 2446 1717 specimen
2487 1641 2642 1717 puto
2683 1641 2957 1703 daturus

629 1740 949 1803 nonnulla
1008 1741 1575 1803 Macrobianorum
1628 1740 1916 1801 locorum
1981 1739 2370 1814 argumenta
2423 1738 2656 1801 contra
2695 1739 2959 1802 Plutar-

630 1841 942 1903 ehearum
969 1840 1421 1918 quaestionum
1450 1838 1679 1902 titulos
1705 1838 1875 1899 unde
1916 1853 1997 1898 ea
2037 1835 2233 1914 capta
2260 1837 2415 1900 sunt
2455 1838 2791 1915 perspicue
2820 1839 2958 1902 sta-

629 1939 841 2018 tuenS,
881 1939 958 2002 ut
999 1937 1178 2000 infra
1213 1938 1595 2001 ostenditur.

708 2119 971 2181 Saturn.
1011 2120 1145 2194 VII,
1186 2133 1330 2195 cap.
1376 2117 1408 2176 1
1453 2137 1490 2174 «
1532 2116 1797 2186 Quando

629 2216 699 2277 et
737 2216 815 2277 de
856 2216 1089 2292 quibus
1116 2215 1308 2276 rebus
1350 2215 1799 2292 philosophan-
1907 2225 2097 2298 Συμπ.
2139 2222 2165 2277 1
2205 2215 2426 2296 πρόβλ.
2450 2218 2521 2280 α’.
2546 2217 2591 2292 εζι
2613 2217 2696 2280 δεῖ
2718 2224 2959 2298 φιλοσο-

627 2314 785 2375 dum
840 2313 912 2373 in
953 2314 1252 2376 convivio
1289 2330 1325 2371 ι
1367 2329 1504 2390 cap.
1546 2313 1587 2371 2
1630 2334 1665 2370 ‹<
1706 2315 1797 2373 De
1905 2322 2032 2398 φεῖν
2073 2320 2229 2394 παρὰ
2263 2318 2457 2381 πότον.

626 2411 855 2487 quibus
894 2411 1170 2474 libenter
1210 2412 1474 2489 quisque
1515 2412 1798 2474 interro-
1984 2425 2051 2480 ΙΙ.
2092 2417 2316 2496 πρόβλ.
2346 2419 2415 2479 α’.
2445 2419 2580 2481 τίνοι
2612 2419 2766 2482 ἐστὶν
2792 2410 2836 2480 ’ἂ
2860 2430 2957 2484 Ξε-

626 2508 822 2585 getur
851 2530 886 2566 »
929 2525 1065 2589 cap.
1105 2507 1146 2566 3
1183 2530 1219 2567 «
1247 2511 1337 2571 De
1377 2511 1566 2572 vario
1593 2525 1797 2571 scom-
1904 2523 2086 2596 νοφῶν
2125 2520 2279 2595 παραὶ
2302 2517 2477 2579 πότον
2522 2517 2674 2589 ἥδιον
2713 2519 2957 2597 ἐρωτόἰσ-

631 2610 882 2672 matum
941 2626 1178 2687 genere
1231 2612 1298 2672 et
1349 2626 1544 2687 quam
1605 2608 1797 2672 caute
1903 2615 1992 2679 θαι
2043 2621 2183 2695 φησὶ
2222 2617 2326 2678 καὶ
2378 2618 2733 2681 σκώπτεσθαι
2784 2617 2834 2690 η*
2861 2619 2959 2701 μή.

626 2708 730 2768 his
772 2709 1088 2771 utendum
1116 2708 1292 2771 inter
1320 2710 1630 2772 convivas
1657 2729 1715 2770 ».

708 2879 865 2957 Gap.
927 2879 984 2941 4.
1045 2898 1082 2940 «
1145 2879 1373 2940 Cibum
1434 2879 1794 2957 simplicem

624 2976 1119 3054 praeferendum
1149 2993 1289 3038 esse
1326 2977 1692 3055 multiplici,
1720 2978 1798 3040 ut

627 3076 735 3153 qui
777 3077 867 3138 sit
907 3077 1161 3153 digestu
1200 3076 1460 3139 facilior
1501 3096 1536 3133 »
1578 3092 1720 3153 cap.
1755 3076 1797 3134 5

628 3195 664 3232 «
690 3174 949 3248 Contra,
978 3175 1193 3236 cibum
1233 3173 1659 3250 multiplicem
1692 3191 1798 3252 ap-

626 3273 864 3334 tiorem
906 3288 1042 3333 esse
1081 3288 1278 3349 quam
1318 3272 1408 3334 sit
1434 3272 1709 3350 simplex
1738 3289 1796 3333 ».

1983 2993 2171 3068 Συμπ.
2213 2990 2317 3048 IV.
2358 2985 2571 3062 πρόβλ.
2599 2984 2670 3046 α’.
2698 2987 2745 3045 εἰ
2773 2989 2805 3057 ἡ
2832 3009 2958 3050 ποι·

1903 3083 2046 3151 κὶλη
2084 3086 2262 3162 τροφή
2309 3090 2406 3153 τῆς
2462 3083 2647 3154 ἁπλῆς
2688 3086 2959 3148 εὐπεπτο-

1906 3185 2051 3260 τέρα.

709 3495 861 3570 Gap.
903 3493 960 3554 6.
1004 3515 1040 3552 «
1081 3495 1321 3557 Vinum
1375 3498 1621 3559 natura
1674 3497 1793 3557 sri-

623 3594 845 3670 gidum
887 3594 1099 3670 potius
1140 3594 1349 3656 videri
1389 3612 1584 3673 quam
1633 3597 1794 3657 cali-

627 3692 795 3753 dum.
838 3693 923 3755 Et
962 3707 1084 3753 cur
1121 3709 1277 3755 raro
1317 3694 1663 3770 faeminae,
1691 3711 1794 3756 se-

627 3806 744 3852 nes
785 3792 915 3855 cito
956 3793 1364 3856 inebrientur
1403 3815 1458 3854 2».

1902 3557 2047 3614 τερος
2087 3546 2158 3607 τῆ
2200 3538 2423 3624 δυνάμει
2488 3544 2535 3597 o‘
2582 3529 2740 3607 οἶνος.
2802 3542 2957 3603 Ibid.

1900 3638 2119 3717 πρόβλ.
2142 3639 2203 3711 γ’
2224 3639 2318 3703 διὰ
2342 3641 2407 3701 τί
2444 3645 2711 3713 γυναῖκες
2738 3634 2959 3710 ἥκιστα

1900 3737 2297 3821 μεθὺςκονται,
2350 3741 2624 3820 τάχιστα
2666 3739 2722 3801 δὲ
2761 3737 2811 3800 οἱ
2853 3739 2958 3814 γε’-

1899 3859 2093 3916 ροντες.

1987 4093 2172 4163 Συμπ.
2220 4087 2317 4144 111.
2367 4083 2583 4159 πρὸβλ.
2625 4083 2691 4145 δ’.
2734 4083 2961 4163 πότερον

1900 4181 2247 4262 ψυχροτέραι
2291 4186 2362 4252 τῆ
2390 4184 2576 4259 κράσει
2619 4188 2729 4244 τῶν
2756 4185 2961 4263 ανδρῶν

1903 4272 1957 4351 v?
1997 4280 2311 4364 θερμότεραὶ
2378 4281 2518 4345 εἰσιν
2558 4279 2621 4342 αὶ
2670 4290 2958 4355 γυναῖκες.

1905 4382 2058 4443 Ibid.
2103 4379 2321 4457 πρὸβλ.
2362 4379 2446 4458 ζ’.
2488 4380 2581 4444 διὰ
2616 4382 2677 4444 τὶ
2715 4389 2959 4456 γλεῦκος

1904 4475 2125 4548 ἥκιστα
2164 4479 2434 4563 μεθύσκει.

713 4188 858 4263 Gap.
901 4187 958 4246 7.
993 4208 1029 4245 «
1058 4187 1388 4249 Faeminis
1415 4187 1797 4265 frigidiorne

633 4284 717 4344 sit
761 4283 1007 4346 natura
1065 4302 1263 4363 quam
1311 4287 1494 4348 viris.
1547 4288 1634 4350 Et
1673 4303 1793 4349 cur

637 4382 915 4444 mustum
955 4399 1086 4446 non
1125 4384 1409 4447 inebriet
1452 4404 1507 4445 ».

1827 3439 1855 3942 ἓ
1982 3447 2173 3522 Συμπ.
2203 3445 2298 3500 111.
2332 3438 2547 3516 πρὸβλ.
2574 3443 2628 3499 ε’.
2658 3442 2703 3500 εὶ
2732 3439 2959 3520 ψυχρὸ-
