3334 5192
2688 400 2770 461 13

420 520 890 585 tractationem
931 519 1252 585 Reatinus
1277 519 1555 596 scriptor
1582 519 1758 581 certo
1801 518 2115 595 incubuit,
2166 534 2244 579 ac
2271 518 2332 580 si
2374 519 2600 580 modus
2626 518 2762 595 ipse

425 619 797 697 disputandi
839 618 921 679 ad
973 634 1120 679 eum
1180 617 1604 695 peculiariter
1663 620 1925 693 vergat:
1989 616 2243 692 legendi
2302 632 2548 693 quoque
2612 616 2764 679 sunt

422 717 573 779 libri
634 718 777 778 eius
835 716 947 794 qui
1009 715 1275 778 exstant
1336 714 1777 792 librorumque
1839 714 2171 791 reliquiae,
2215 716 2290 777 ut
2351 732 2436 776 ex
2476 713 2764 791 cognitis

423 816 757 893 adfulgeat
797 815 915 876 lux
953 814 1428 891 cognoscendis,
1495 815 1689 892 atque
1730 829 1841 875 eos
1900 815 2200 876 auctores
2253 814 2499 891 partim
2554 814 2765 875 disca-

420 929 584 988 mus,
626 929 900 991 quorum
929 912 1339 990 opinionibus
1387 927 1466 973 ac
1508 912 1853 975 sententiis
1895 912 2007 972 ille
2050 929 2190 973 rem
2231 928 2419 974 suam
2464 909 2769 989 augebat.

422 1014 596 1077 Nam
635 1010 1033 1073 Varroniani
1075 1010 1229 1075 libri
1272 1031 1307 1068 «
1353 1010 1429 1071 de
1472 1010 1703 1087 lingua
1743 1009 1956 1073 latina
2001 1028 2034 1069 >
2077 1010 2293 1073 multa
2340 1010 2593 1087 quidem
2646 1011 2765 1072 ha·
2875 1010 2884 1017 “

424 1110 582 1173 bent
620 1126 655 1171 e
697 1109 880 1170 libris
908 1130 944 1166 «
971 1108 1462 1186 Antiquitatum
1491 1124 1713 1169 rerum
1745 1108 2187 1169 humanarum
2228 1111 2295 1169 et
2320 1109 2696 1170 divinarum
2724 1129 2761 1165 »

425 1207 886 1287 promanantia
948 1208 1016 1273 et
1075 1206 1456 1269 summatim
1497 1207 1798 1284 repetita,
1842 1210 1918 1267 ut
1957 1208 2095 1285 ipse
2137 1209 2349 1269 Varro
2394 1223 2525 1268 non
2567 1206 2763 1268 semel

427 1306 729 1380 testatur,
769 1323 829 1367 v.
872 1305 947 1367 de
988 1307 1059 1366 L.
1104 1308 1175 1368 L.
1217 1307 1323 1365 VI.
1369 1303 1446 1363 13
1487 1305 1556 1367 et
1600 1304 1675 1364 18
1716 1306 1811 1367 ed.
1854 1306 2145 1378 Mueller,
2193 1322 2274 1367 ac
2312 1306 2388 1366 de
2431 1305 2769 1382 scriptori-

425 1404 543 1465 bus
581 1419 848 1482 quorum
893 1402 1224 1483 sapientia
1265 1402 1398 1463 frui
1443 1403 1671 1465 auctor
1713 1403 1951 1467 maluit
1992 1403 2229 1466 bonam
2259 1404 2447 1465 fidem
2489 1403 2761 1466 faciunt.

423 1504 708 1580 Denique
735 1501 1110 1566 conferendi
1151 1501 1308 1564 sunt
1346 1518 1494 1563 cum
1535 1501 1863 1564 Macrobio
1904 1502 2107 1565 ceteri
2146 1503 2516 1580 scriptores,
2566 1518 2765 1578 quum

421 1601 677 1679 profani
719 1605 860 1663 tum
903 1600 1351 1674 ecclesiastici,
1394 1600 1502 1677 qui
1544 1601 1981 1662 Varronianis
2023 1601 2350 1663 thesauris
2393 1601 2590 1663 libros
2617 1616 2771 1663 suos

423 1700 651 1776 magni
691 1698 1024 1761 duxerunt
1062 1713 1402 1775 exornare,
1434 1698 1508 1763 ut
1535 1698 1647 1763 ubi
1691 1699 1973 1760 eiusdem
2002 1699 2341 1761 doctrinae
2369 1700 2765 1777 praebeatur

424 1797 803 1872 similitudO,
848 1797 939 1857 ibi
995 1797 1283 1858 eiusdem
1328 1796 1617 1859 auctoris
1655 1812 1894 1859 nomen
1935 1797 2259 1859 laudetur.
2316 1798 2491 1867 Quod
2528 1799 2584 1859 si
2625 1798 2769 1876 quis

427 1911 533 1957 me
576 1895 934 1971 interroget
971 1909 1101 1973 qua
1142 1895 1220 1955 de
1275 1910 1479 1957 causa
1537 1895 1910 1957 Macrobius
1966 1897 2284 1958 Varronis
2341 1912 2577 1958 nomen
2643 1897 2766 1958 ali-
2829 1884 2846 1893 ²

429 1994 686 2072 quando
730 1992 1024 2069 reticeat,
1067 2009 1463 2070 quamquam
1504 1993 1645 2055 eius
1682 1994 2069 2056 documenta
2109 1996 2393 2072 exponit,
2438 2012 2568 2058 non
2610 2011 2774 2058 suae

426 2091 689 2159 ‚tantum
734 2090 1050 2153 vanitatis
1104 2091 1510 2166 recordabor,
1553 2091 1664 2153 sed
1706 2092 1774 2154 et
1814 2092 2040 2154 binam
2094 2093 2476 2171 hypothesin
2518 2094 2588 2154 in
2630 2110 2770 2155 me·

423 2189 603 2251 dium
631 2187 982 2266 proferam:
1011 2188 1116 2251 vel
1145 2189 1280 2267 ipse
1310 2189 1644 2253 nesciebat
1673 2206 1755 2251 ea
1782 2192 2202 2253 Varroniana
2231 2208 2390 2266 esse,
2419 2194 2768 2269 propterea

427 2288 591 2367 quod
630 2287 703 2351 in
744 2287 838 2347 eis
881 2287 1305 2365 scriptoribus
1347 2304 1382 2348 e
1423 2303 1700 2364 quorum
1741 2289 2003 2366 paginis
2046 2289 2211 2351 haec
2249 2291 2600 2354 hauriebat
2655 2308 2771 2353 no-

424 2403 579 2449 men
624 2387 891 2449 Reatini
933 2386 1211 2451 fortasse
1253 2387 1497 2459 deerat,
1540 2387 1659 2461 vel,
1705 2403 1853 2449 cum
1898 2388 1972 2449 de
2012 2388 2209 2451 rebus
2253 2390 2556 2465 ageretur
2597 2406 2770 2466 quae

426 2485 580 2551 olim
633 2501 675 2549 a
714 2486 1011 2547 Varrone
1065 2484 1353 2549 traditae
1413 2485 1482 2546 et
1537 2485 1688 2549 dein
1747 2502 1787 2547 a
1844 2486 2068 2549 multis
2130 2487 2573 2549 imitatoribus
2629 2488 2766 2550 iam

429 2583 796 2660 exscriptae
845 2583 1098 2645 demum
1159 2582 1349 2660 lapsu
1390 2584 1699 2661 temporis
1739 2583 1946 2647 veluti
1989 2600 2361 2647 communes
2402 2586 2469 2648 et
2507 2586 2770 2662 pervul-

427 2682 624 2759 gatae
664 2680 1091 2759 putabantur,
1122 2680 1498 2744 obtinuerat
1522 2681 1781 2758 quidem
1808 2683 2200 2763 consuetudo
2226 2682 2597 2746 vetustioris
2624 2700 2768 2746 ma-

430 2779 622 2857 gistri
660 2779 772 2857 qui
813 2780 994 2858 prior
1035 2779 1205 2842 talia
1245 2781 1557 2847 docuerat
1595 2796 1837 2843 nomen
1877 2781 2236 2843 omittendi.

510 2877 744 2940 Nullus
786 2881 1003 2940 autem
1047 2878 1335 2955 scriptor,
1379 2881 1652 2941 Homero
1695 2894 1775 2941 ac
1816 2879 2100 2956 Vergilio
2141 2880 2433 2958 demptiS,
2476 2881 2614 2943 tam
2642 2880 2771 2943 fre-

427 2975 701 3053 quenter
743 2991 783 3036 a
823 2975 1153 3038 Macrobio
1196 2977 1268 3037 in
1309 2976 1839 3040 saturnaliorum
1894 2976 2080 3038 libris
2121 2979 2520 3041 memoratur
2570 2994 2766 3054 quam

384 3120 387 3127 .
427 3065 683 3136 Varro.¹
724 3074 809 3136 Et
848 3075 1098 3137 merito.
1141 3076 1280 3135 Duo
1319 3089 1600 3152 namque
1641 3075 1714 3136 in
1745 3073 1927 3136 hisce
1969 3075 2154 3137 libris
2182 3077 2587 3152 potissimum
2629 3075 2771 3137 elu-

429 3170 611 3234 cent:
657 3171 936 3233 alterum
976 3172 1232 3250 quidem
1272 3172 1623 3250 peculiaris
1661 3172 1949 3237 naturae
1995 3189 2072 3234 ac
2113 3172 2438 3247 definitae,
2487 3173 2768 3237 alterum

425 3284 585 3333 vero
624 3268 958 3346 generalis
997 3271 1066 3333 et
1105 3270 1429 3333 diversae:
1490 3272 1838 3350 utrumque
1894 3272 2118 3335 tamen
2159 3272 2548 3335 inconcinne
2592 3272 2775 3349 dige-

427 3368 604 3432 stum
647 3367 842 3445 atque
883 3367 1101 3445 inepte
1141 3369 1589 3431 commixtum.
1652 3372 1818 3431 Pars
1880 3370 1990 3431 illa
2026 3370 2396 3447 Vergiliani
2448 3371 2768 3448 poematis

428 3467 623 3529 curat
663 3465 1192 3540 illustrationem,
1234 3466 1398 3529 haec
1442 3468 1660 3533 autem
1706 3468 2055 3531 nonnullas
2096 3471 2173 3531 de
2212 3470 2525 3535 humanis
2568 3472 2646 3532 et·
2674 3470 2769 3533 di-

427 3567 603 3631 vinis
630 3566 823 3627 rebus
854 3566 995 3642 agit
1018 3566 1461 3644 quaestiones:
1505 3566 1622 3629 illa
1662 3568 2080 3632 venustatem
2125 3585 2206 3635 ac
2242 3569 2592 3633 veritatem
2619 3586 2769 3647 poe-

430 3665 633 3728 ticam
693 3663 985 3743 inquirit,
1044 3664 1203 3725 haec
1260 3664 1644 3727 historicam
1708 3665 1776 3727 et
1814 3666 2327 3745 philosophicam
2386 3667 2768 3730 veritatemz

432 3764 608 3841 prior
634 3764 1141 3840 grammaticum
1164 3763 1487 3827 rhetorem
1519 3765 1586 3828 et
1605 3764 1912 3827 criticum
1940 3765 2201 3840 redolet,
2225 3766 2545 3843 posterior
2563 3764 2768 3827 totius

436 3862 842 3941 antiquitatis
900 3863 1278 3927 studiosum.
1344 3863 1519 3932 Quod
1582 3863 1825 3927 attinet
1888 3864 1968 3926 ad
2026 3864 2392 3941 Vergiliani
2450 3862 2772 3941 poematis

434 3962 991 4036 commentarium,
1036 3962 1355 4024 Varronis
1399 3961 1761 4024 auctoritas
1802 3961 2054 4038 oblique
2095 3960 2356 4028 tantum
2390 3976 2467 4022 ac
2498 3960 2773 4025 fortuito

432 4057 912 4136 interpellatur,
953 4060 1020 4122 id
1062 4059 1162 4123 est
1201 4076 1348 4123 cum
1381 4059 1625 4138 aliquid
1652 4059 1745 4123 sit
1769 4059 2228 4136 explicandum
2271 4078 2312 4122 a
2350 4061 2543 4137 poeta
2568 4073 2773 4120 enun-

432 4156 700 4230 ciatum,
741 4157 906 4234 quod
948 4157 1294 4235 profanam
1325 4158 1431 4219 vel
1461 4173 1721 4220 sacram
1769 4158 2235 4237 antiquitatem
2260 4157 2543 4233 attingat
2569 4155 2773 4218 histo-

431 4253 571 4316 rico
613 4269 805 4317 sensu
851 4255 1202 4333 acceptam.
1246 4255 1466 4323 Quoad
1504 4255 1828 4333 reliquum
1856 4272 2029 4332 vero,
2072 4258 2130 4319 si
2171 4256 2567 4335 paucissima
2594 4255 2773 4317 exci-

501 4471 513 4499 ¹
548 4464 724 4517 Octies
757 4471 811 4516 et
839 4464 1024 4517 tricies
1057 4467 1228 4520 Varro
1261 4466 1318 4518 in
1351 4467 1428 4517 eis
1462 4466 1785 4519 nominatur.
