3334 5192
730 426 775 483 4

734 558 900 616 mur,
944 541 1363 620 praecipuum
1418 541 1630 603 locum
1672 540 1970 604 obtinent
2007 540 2213 603 Aulus
2253 539 2500 602 Gellius
2547 540 2615 603 et
2654 537 3074 618 Plutarchus,

736 641 813 702 ut
853 641 930 702 de
971 642 1196 703 Servio
1239 643 1490 702 Seneca
1527 639 1794 702 Valerio
1837 638 2057 701 Solino
2098 638 2373 715 aliisque
2413 638 2748 700 nonnullis
2787 638 3068 700 taceam:

736 740 1038 802 neutrius
1065 754 1221 801 vero
1247 754 1484 800 nomen
1523 736 1785 815 profert,
1830 736 1952 799 etsi
1996 735 2095 797 bis
2135 736 2212 797 de
2253 735 2459 798 Gellio
2503 736 2842 798 annalium
2870 736 3071 813 scrip-

736 837 880 900 tore
931 838 1326 899 mentionem
1367 835 1530 897 facit
1568 834 1679 896 lib.
1722 836 1771 894 Ι.
1808 833 1866 894 8.
1916 832 1971 893 1.
2011 834 2081 896 et
2139 835 2186 895 I.
2239 832 2332 894 16.
2378 832 2497 911 21„
2542 836 2599 895 si
2640 834 3071 896 Plutarchum

739 936 1032 1014 excipias
1059 951 1248 1013 quem
1275 934 1472 996 semel
1514 933 1581 995 et
1620 932 1831 996 obiter
1871 932 2171 994 nominat
2197 933 2332 996 VII.
2361 931 2419 993 3.
2446 931 2543 992 24.
2574 935 2821 1014 Horum
2848 934 3071 1010 itaque

739 1035 1122 1112 scriptorum
1164 1032 1332 1095 locos
1374 1048 1455 1094 ea
1495 1032 1756 1094 ratione¹
1795 1031 1919 1093 sibi
1966 1031 2262 1108 adscivit,
2305 1032 2382 1094 ut
2421 1032 2532 1109 qui
2572 1033 2786 1109 potius
2842 1031 3080 1094 auctor

738 1149 936 1210 quam
966 1131 1265 1194 imitator
1292 1130 1358 1193 et
1383 1130 1763 1208 pedisequus
1790 1130 2000 1192 videri
2027 1129 2362 1208 maluerit,
2392 1146 2647 1208 remque
2687 1148 2874 1193 suam
2903 1131 3066 1192 bene

739 1231 1065 1308 peregisse
1106 1246 1222 1306 pro
1263 1231 1440 1293 certo
1481 1229 1740 1291 habeat.
1793 1228 2131 1306 Proposito
2190 1228 2410 1292 autem
2470 1244 2585 1291 suo
2626 1229 2790 1291 satis
2846 1245 3074 1291 consu-

740 1330 940 1390 luisse
970 1404 975 1411 .
1007 1328 1366 1390 arbitratus
1428 1329 1528 1390 est
1585 1342 1898 1402 magnam
1946 1327 2438 1404 simplicitatem
2487 1344 2571 1389 ne
2611 1328 2827 1393 dicam
2867 1331 3074 1407 impu·

742 1426 1035 1488 dentiam
1076 1425 1434 1503 ostentanS,
1476 1425 1630 1487 dum
1666 1440 1775 1487 eos
1806 1442 1847 1486 a
1873 1425 2103 1502 quibus
2126 1441 2249 1487 sua
2274 1426 2625 1490 mutuatur
2665 1427 2733 1490 et
2759 1427 3074 1489 exscribit

740 1526 1050 1604 ignorare
1111 1523 1499 1597 dissimulat3
1560 1522 1931 1586 ceterorum
1990 1540 2144 1586 vero
2200 1526 2470 1586 nomina
2511 1526 2577 1588 et
2616 1543 2738 1603 reS‚
2795 1526 2989 1603 prout
3032 1543 3082 1588 a

741 1622 918 1686 furto
963 1622 1216 1700 accipit,
1259 1637 1392 1683 non
1431 1621 1617 1684 modo
1657 1637 1789 1684 non
1831 1621 2079 1696 reticet,
2117 1623 2228 1686 sed
2258 1625 2447 1702 quasi
2486 1626 2820 1703 propriam
2847 1626 3082 1689 inven-

743 1722 987 1785 tionem
1028 1721 1284 1798 saepius
1326 1719 1554 1783 iactat.
1597 1720 1669 1781 Id
1713 1719 1942 1784 tamen
1979 1738 2049 1784 se
2089 1721 2440 1797 facturum,
2485 1712 2746 1787 scilicet
2777 1724 3076 1787 veterum

748 1823 1086 1884 auctorum
1128 1820 1319 1897 locOS‚
1362 1835 1446 1880 ne
1486 1817 1842 1881 immutata
1880 1820 2138 1896 quidem
2175 1820 2389 1883 forma
2428 1822 2537 1883 sed
2567 1822 2640 1884 ut
2681 1839 2764 1884 ex
2807 1843 2845 1879 «
2882 1823 3083 1884 varia.

743 1920 1019 1983 lectione
1051 1939 1086 1976 x·
1133 1922 1324 1996 atque
1357 1939 1392 1974 «
1420 1918 1494 1978 111
1521 1917 1794 1979 diversis
1823 1933 1937 1978 seu
1964 1919 2256 1981 Graecae
2283 1935 2400 1980 seu
2431 1923 2766 1982 Romanae
2809 1921 3081 1997 linguae

739 2018 1178 2082 voluminibus
1206 2038 1243 2073 »
1272 2015 1518 2088 didicit,
1558 2031 1704 2077 esse
1742 2014 2131 2095 relaturum,
2173 2017 2531 2081 Eustachio
2553 2035 2672 2081 suo
2713 2020 2784 2080 in
2810 2020 3081 2096 praefa-

741 2119 921 2182 tione
961 2115 1290 2194 conceptis
1329 2114 1546 2177 verbis
1586 2112 1934 2192 pollicetur
1971 2115 2074 2177 ita
2114 2114 2421 2178 scribens:
2463 2137 2499 2174 «
2526 2119 2661 2178 Nec
2700 2117 2864 2178 mihi
2911 2117 3075 2180 vitio

741 2217 986 2290 vertaS‚
1029 2216 1087 2277 si
1132 2232 1237 2277 res
1277 2230 1440 2293 quas
1480 2229 1563 2276 ex
1601 2213 1879 2276 lectione
1907 2214 2104 2275 varia
2129 2213 2479 2277 mutuabor
2505 2216 2663 2291 ipsis
2707 2231 2900 2293 saepe
2927 2233 3083 2279 ver-

744 2315 844 2377 bis
884 2314 1115 2392 quibus
1161 2313 1242 2374 ab
1282 2314 1442 2390 ipsis
1510 2313 1886 2376 auctoribus
1947 2312 2263 2376 enarrata
2325 2312 2480 2376 sunt
2521 2312 2877 2391 explicabo,
2920 2314 3077 2391 quia

743 2428 1055 2492 praesens
1096 2427 1253 2490 opus
1292 2427 1424 2474 non
1463 2410 1871 2489 eloquentiae
1899 2411 2402 2475 ostentationem
2431 2410 2592 2492 (cod.
2621 2413 2829 2474 Paris.
2858 2413 3081 2476 osten-

743 2512 1011 2585 tionem)
1054 2511 1162 2571 sed
1203 2510 1671 2572 noscendorum
1708 2510 2074 2586 congeriem
2100 2508 2461 2588 pollicetur:
2487 2510 2557 2574 et
2582 2510 2734 2572 boni
2776 2512 3078 2574 consulas

746 2608 1013 2688 oportet,
1059 2608 1116 2669 si
1157 2607 1467 2670 notitiam
1504 2606 1859 2670 vetustatis
1899 2607 2084 2669 modo
2123 2607 2365 2671 nostris
2405 2624 2537 2670 non
2578 2609 2860 2686 obscure,
2892 2610 3086 2672 modo

744 2709 904 2786 ipsis
949 2707 1363 2784 antiquorum
1402 2705 1680 2769 fideliter
1717 2706 1934 2768 verbis
1962 2722 2409 2784 recognoscam,
2446 2707 2639 2784 prout
2678 2724 2967 2785 quaeque
3008 2723 3076 2769 se

744 2808 854 2870 vel
896 2806 1272 2868 enarranda
1311 2804 1418 2867 vel
1457 2804 1873 2867 trasferenda
1913 2804 2354 2881 suggesserint
2394 2825 2456 2865 2».
2493 2803 2720 2882 Itaque
2762 2805 2935 2868 falsa
2969 2821 3083 2868 ve·

745 2904 1063 2968 recundia
1104 2920 1172 2964 se
1213 2902 1570 2967 honestans
1614 2902 1985 2965 alienarum
2048 2901 2574 2972 lucubrationum
2614 2901 2902 2964 fructum
2952 2903 3075 2964 sibi

749 3003 1041 3080 adrogat,
1085 3003 1152 3065 et
1191 3000 1473 3079 ignobile
1513 3000 1680 3079 quod
1720 3000 1878 3063 fecit
1917 3001 2126 3063 veluti
2165 3000 2405 3064 oblitus
2446 3016 2483 3061 6
2522 3000 2859 3064 tralaticio
2915 3002 3084 3063 scri-

744 3102 941 3164 bendi
997 3117 1235 3177 genere
1276 3100 1533 3161 laudem
1592 3115 1711 3177 pro
1768 3099 1961 3176 culpa
1997 3114 2153 3161 „non
2185 3097 2530 3176 desperat.
2586 3097 3074 3178 (Recentiorum

747 3199 1150 3262 eruditorum
1192 3198 1571 3273 sententias,
1605 3197 1719 3274 qui
1744 3197 2150 3258 Macrobium
2180 3196 2424 3260 acriter
2463 3196 2847 3275 vituperant
2872 3197 3075 3261 refert

743 3297 1112 3359 Ludovicus
1140 3298 1340 3359 Ianus
1362 3296 1433 3357 in
1452 3295 1928 3373 prolegomenn.
1954 3296 2038 3357 ad
2057 3296 2409 3358 editionem
2435 3313 2626 3360 suam
2648 3314 2709 3374 p.
2733 3299 2933 3359 LVIII
2954 3296 3079 3377 sq.)

827 3394 1142 3456 Gellianis
1197 3394 1382 3456 libris
1435 3393 1863 3456 diversimode
1921 3393 2139 3455 utitur
2175 3393 2562 3456 Macrobius,
2617 3396 2823 3472 Saepe
2883 3397 3078 3473 enim,

747 3508 913 3572 quae
955 3492 1066 3554 ille
1106 3493 1179 3554 in
1219 3491 1511 3570 pluribus
1571 3491 1896 3569 capitibus
1933 3491 2123 3568 longe
2162 3492 2340 3555 inter
2380 3507 2519 3554 sese
2560 3491 2807 3554 dissitis
2851 3496 2969 3553 aut
3008 3496 3081 3555 in

745 3590 957 3655 variis
998 3590 1185 3652 libris
1225 3590 1455 3669 posuit,
1497 3589 1606 3651 hic
1644 3590 1718 3651 in
1758 3604 1891 3651 uno
1932 3589 2278 3667 eodemque
2337 3588 2553 3666 capite
2605 3590 2796 3667 atque
2837 3591 2908 3652 in
2948 3609 3080 3655 uno

747 3690 1092 3766 eodemque
1132 3689 1299 3751 libro
1339 3687 1614 3766 reponit3
1656 3703 1947 3765 quaeque
1989 3687 2101 3748 ille
2143 3687 2304 3751 data
2344 3687 2512 3749 serie
2554 3686 2621 3750 et
2647 3688 2945 3750 naturali
2974 3708 3081 3754 or-

748 3790 899 3851 dine
940 3788 1230 3864 tradidit,
1272 3787 1382 3849 1110
1418 3786 1699 3849 invertit
1741 3786 1934 3864 atque
1974 3786 2313 3849 contraria
2364 3785 2782 3863 dispositione
2833 3788 3086 3852 retrac-

747 3886 870 3949 tat.
934 3884 1037 3946 Ita
1098 3900 1200 3946 ex,
1243 3900 1340 3961 gr.
1382 3882 1869 3947 cavillationem
1909 3883 2295 3946 Hannibalis
2360 3884 2532 3960 apud
2590 3900 2809 3960 regem
2854 3887 3084 3952 Antio-

748 3984 960 4058 chum,
1002 3999 1199 4061 quam
1253 3982 1499 4044 Gellius
1523 3981 1775 4045 narrat
1812 3982 1884 4044 in
1925 3982 1965 4043 l.
2007 3983 2065 4044 V
2104 3998 2244 4060 cap.
2284 3980 2343 4055 5,
2384 3997 2638 4045 necnon
2679 3982 2746 4047 et
2783 3985 3082 4050 Platonis

746 4081 1110 4145 versiculos
1151 4081 1380 4158 quibus
1418 4081 1476 4142 is
1522 4080 1891 4143 adolescens
1930 4080 2092 4143 lusit
2134 4079 2216 4141 ab
2257 4080 2475 4142 eodem
2514 4079 2683 4143 Aulo
2725 4084 2796 4143 in
2837 4083 2881 4144 l.
2928 4087 3082 4147 XIX

746 4196 886 4258 cap.
933 4179 1004 4239 11
1049 4179 1313 4256 1616108,
1355 4179 1727 4241 Macrobius
1768 4179 2093 4256 componit
2132 4179 2205 4239 in
2247 4178 2362 4243 lib.
2401 4179 2461 4238 II
2500 4195 2642 4259 cap.
2674 4178 2734 4241 2:
2775 4197 2943 4259 quae
2970 4182 3086 4244 1116

747 4276 933 4340 docet
971 4278 1044 4338 in
1085 4277 1127 4338 l.
1169 4279 1243 4339 V.
1286 4276 1327 4335 8
1368 4277 1446 4339 de
1485 4277 1885 4353 Vergilianis
1944 4276 2241 4338 versibus
2282 4297 2318 4334 «
2360 4277 2502 4355 Ipse
2550 4279 2878 4346 Quirinali
2918 4279 3087 4342 lituo

747 4390 1080 4453 parvaque
1123 4375 1388 4438 sedebat
1428 4375 1777 4438 Succin-tus
1818 4374 2053 4438 trabea
2079 4395 2117 4432 »
2147 4374 2269 4439 etc.
2296 4378 2456 4438 Aen.
2484 4377 2602 4438 VII
2632 4377 2749 4436 187
2775 4394 2883 4455 sq.,
2914 4393 3084 4454 quae

744 4472 821 4536 in
860 4472 904 4533 1.
944 4477 1025 4536 Χ.
1071 4474 1144 4534 11
1188 4474 1265 4536 de
1304 4473 1620 4538 vocabulo
1659 4492 1699 4536 «
1739 4473 2012 4538 mature.
2040 4493 2098 4552 »,
2139 4489 2308 4552 quae
2360 4474 2609 4539 demum
2651 4475 2721 4537 in
2763 4474 2804 4536 l.
2848 4475 3013 4536 XVI.
3040 4473 3088 4535 5
