3334 5192
1053 1066 2159 1161 CONIECTURALIA

512 1807 943 1871 Varronianis
971 1806 1267 1870 frustulis
1292 1822 1461 1884 quae
1488 1807 1559 1869 in
1581 1806 2110 1877 saturnaliorum
2132 1805 2318 1868 libris
2339 1805 2775 1868 inveniuntur

433 1909 569 1969 iam
608 1907 936 1979 conlectis,
978 1921 1111 1967 non
1160 1905 1378 1967 nullas
1421 1904 2022 1967 animadversiones
2067 1905 2285 1967 facere
2326 1905 2404 1966 de
2449 1904 2774 1983 aliquibus

430 2006 626 2084 primi
667 2005 818 2067 libri
859 2004 1258 2066 documentis
1298 2004 1370 2065 in
1414 2004 1630 2066 animo
1672 2005 1775 2066 est
1819 2020 1895 2066 ac
1936 2004 2224 2067 breviter
2261 2005 2585 2082 expedire.

508 2105 685 2173 Quod
724 2102 1095 2165 Macrobius
1122 2102 1301 2165 inter
1342 2102 1481 2163 alia
1509 2102 1912 2179 quorundam
1960 2104 2224 2165 deorum
2254 2105 2568 2166 naturam
2611 2104 2773 2181 phy-

432 2204 572 2266 sica
609 2200 1146 2280 interpretatione
1187 2201 1459 2264 conatus
1488 2201 1578 2263 sit
1605 2202 1947 2278 explorare
1987 2201 2176 2277 tetigi
2209 2202 2408 2264 antea
2448 2216 2563 2278 per
2588 2201 2774 2263 tran-

431 2316 736 2363 sennam:
768 2316 953 2378 quem
987 2301 1066 2361 ad
1096 2300 1352 2361 modum
1387 2299 1604 2362 autem
1633 2301 1702 2362 et
1727 2299 1958 2377 quibus
1989 2299 2381 2361 adiumentis
2408 2299 2772 2362 instructus

428 2399 550 2461 hoc
591 2399 797 2475 egerit
836 2397 893 2458 si
935 2397 1297 2461 certissime
1325 2397 1618 2460 statuere
1645 2412 1911 2475 nequeo,
1938 2412 2070 2458 non
2104 2396 2516 2474 improbabili
2545 2398 2771 2460 tamen

430 2498 811 2560 coniectura
849 2495 1051 2558 liceat
1089 2495 1332 2574 partim
1375 2494 1773 2572 quaeritare.
1815 2499 1890 2559 In
1918 2495 2132 2572 capite
2158 2496 2336 2557 XVII
2363 2494 2557 2556 huius
2577 2496 2771 2573 primi

428 2595 574 2662 libri
613 2594 980 2658 Macrobius
1019 2596 1193 2658 totus
1234 2594 1431 2658 estin
1458 2610 1533 2656 eo
1560 2595 1634 2656 ut
1669 2594 2070 2658 demonstret
2096 2592 2460 2671 Apollinem
2492 2595 2770 2657 eundem

429 2709 571 2757 csse
598 2708 676 2755 ac
702 2693 918 2764 solem,
941 2693 1012 2753 in
1040 2694 1249 2753 XVIII
1289 2708 1444 2754 vero
1484 2692 1845 2770 Apollinem
1874 2692 2067 2770 atque
2109 2692 2414 2755 Liberum
2457 2708 2586 2754 non
2613 2693 2774 2755 duos

427 2809 665 2855 revera
704 2808 846 2854 esse
881 2793 1049 2869 deOS,
1100 2793 1171 2854 at
1211 2807 1414 2853 unum
1455 2792 1794 2868 ipsumque
1832 2807 2075 2853 numen
2115 2792 2306 2854 vario
2359 2791 2625 2853 nomine
2666 2792 2771 2854 do-

426 2892 663 2961 natum
702 2891 973 2970 ideoque
1000 2905 1204 2951 unum
1232 2890 1570 2967 ipsumque
1598 2888 1832 2962 solem;
1860 2890 1932 2951 in
1968 2888 2452 2965 insequentibus
2494 2889 2774 2966 denique

426 2989 748 3066 capitibus
789 2989 1058 3050 eandem
1102 2989 1384 3050 solarem
1424 2989 1740 3050 naturam
1789 2986 2017 3048 multis
2078 2999 2330 3064 quoque
2392 2987 2491 3047 dis
2530 2986 2774 3049 nititur

428 3103 764 3165 apponere,
805 3086 1027 3163 Marti,
1089 3086 1434 3162 Mercurio,
1496 3083 1885 3163 Aesculapio
1948 3083 2215 3146 Herculi
2256 3084 2463 3146 Adoni
2523 3084 2768 3146 Osiridi

431 3184 709 3264 aliisque
746 3200 999 3249 necnon
1040 3182 1108 3245 et
1146 3183 1270 3261 ipsi
1299 3183 1466 3245 Iovi:
1494 3183 1649 3244 deas
1676 3198 1834 3246 vero
1859 3196 2036 3244 nunc
2062 3183 2309 3245 terram
2337 3198 2513 3243 nunc
2540 3181 2767 3244 lunam

427 3282 733 3345 autumat
789 3282 1178 3359 significare.
1245 3285 1426 3351 Quae
1467 3282 1693 3344 omnia
1730 3296 1862 3344 non
1923 3281 2351 3344 dubitandum
2393 3282 2496 3344 est
2533 3282 2692 3360 quin
2733 3299 2772 3344 e

425 3381 847 3460 scriptoribus
907 3381 1416 3458 mythographis,
1478 3380 1865 3457 praesertim
1925 3380 2211 3453 GraeciS,
2276 3380 2617 3458 acceperit,
2682 3381 2764 3441 iis

426 3481 715 3543 maxime
737 3480 847 3558 qui
876 3479 1244 3557 mythorum
1272 3479 1573 3555 catalogo
1612 3479 2124 3556 uniuscuiusque
2153 3478 2416 3541 fabulae
2445 3477 2772 3555 interpre-

426 3580 746 3643 tationem
788 3578 891 3641 vel
934 3579 1286 3640 secundum
1329 3578 1576 3641 Stoicos
1620 3581 1738 3642 aut
1778 3578 2131 3656 Epicureos
2179 3577 2468 3640 aliamve
2492 3578 2772 3656 pbiloso-

425 3677 698 3754 phorum
719 3678 967 3740 sectam
990 3675 1528 3755 superaddebant.
1556 3678 1656 3739 An
1690 3677 1909 3739 autem
1941 3692 1981 3738 a
2008 3678 2217 3754 seipso
2239 3692 2325 3738 ex
2343 3677 2489 3739 istis
2511 3678 2774 3754 mytho-

424 3775 693 3853 graphis
734 3776 1058 3850 hauserit,
1105 3788 1191 3837 an
1232 3774 1443 3852 potius
1485 3776 1815 3836 Romanos
1843 3775 2192 3851 scriptores
2220 3775 2330 3852 qui
2363 3775 2443 3843 ab
2471 3759 2604 3836 ill'is
2630 3776 2791 3837 tra-—

425 3875 632 3939 ditam
674 3875 1070 3951 sapientiam
1111 3873 1619 3950 divulgaverant
1658 3873 1975 3934 maluerit
2017 3872 2404 3945 exscribere,
2447 3873 2525 3936 ut
2558 3874 2771 3949 magis

423 3973 566 4037 veri
607 3973 819 4035 simile
860 3972 1033 4049 put0,
1066 3972 1389 4035 incertum
1429 3971 1555 4034 est:
1601 3988 1643 4033 a
1669 3973 1965 4032 Varrone
1993 3970 2219 4034 tamen
2246 3969 2573 4048 permulta
2600 3974 2668 4033 et
2699 3972 2772 4033 in

423 4071 552 4132 hac
576 4086 648 4131 re
688 4069 1022 4132 conscIum
1046 4069 1150 4132 vel
1181 4070 1475 4131 nescium
1518 4068 1867 4131 abstulisse
1910 4067 2225 4145 denegari
2254 4084 2386 4131 non
2419 4083 2604 4146 posse
2635 4085 2746 4129 ar-

425 4168 649 4234 bitror.

499 4268 671 4329 Nam
709 4264 866 4327 licet
901 4268 1134 4340 Varro,
1172 4266 1341 4344 quod
1381 4265 1689 4339 sciamuS,
1726 4279 1860 4327 non
1900 4280 2125 4327 omnes
2165 4264 2317 4326 deos
2362 4264 2443 4325 ad
2481 4262 2763 4325 solarem

419 4365 732 4431 naturam
759 4365 1191 4441 revocaverit,
1220 4365 1533 4427 universa
1559 4365 1789 4426 tamen
1817 4365 2110 4437 numina,
2140 4364 2215 4427 ut
2242 4379 2445 4440 supra
2471 4362 2771 4434 diximus,

421 4462 504 4524 ad
543 4463 767 4541 partes
807 4462 1034 4525 mundi
1075 4462 1354 4540 redegit:
1395 4463 1646 4526 Stoicos
1686 4461 1916 4540 quippe
1957 4477 2202 4540 magna
2242 4477 2327 4523 ex
2366 4460 2570 4540 parte,
2597 4461 2766 4519 Aca·
