3334 5192
768 1130 1527 1219 PROLEGOMENON
1583 1130 1708 1215 DE
1766 1129 2235 1215 MACROBIO

1386 1352 1598 1369 -ᾳ

318 2066 325 2071 ·
400 2045 568 2112 Quos
608 2041 979 2105 Macrobius
1020 2043 1343 2106 memorat
1386 2043 1689 2107 auctores
1750 2043 2017 2104 minime
2057 2059 2142 2104 ex
2183 2058 2406 2104 eorum
2448 2045 2661 2121 operi-

323 2142 446 2202 bus
485 2141 862 2217 cognovisse
925 2141 1155 2217 cuique
1213 2139 1375 2202 bene
1417 2140 1755 2219 reputanti
1815 2141 2009 2202 facile
2049 2139 2451 2219 compertum
2512 2141 2660 2207 erit.

323 2240 492 2310 Quin
535 2240 666 2302 imo
716 2239 829 2300 ille
880 2254 1011 2301 non
1066 2239 1232 2300 mihi
1272 2239 1533 2302 videtur
1587 2239 2017 2317 plurimorum
2072 2239 2421 2316 sciptorum
2464 2237 2663 2301 libros

322 2354 592 2401 versare
633 2353 863 2415 passus
907 2336 1025 2400 aut
1065 2337 1283 2414 legere
1323 2337 1569 2416 solitus,
1611 2337 1723 2399 sed
1764 2354 1872 2400 eos
1912 2337 2174 2400 tantum
2213 2353 2373 2414 prae
2426 2335 2663 2400 ceteris

324 2430 653 2510 dilexisse,
698 2437 769 2497 in
811 2435 1045 2514 quibus
1099 2436 1315 2499 maior
1355 2437 1728 2516 suppeteret
1768 2438 2152 2500 eruditionis
2194 2437 2396 2515 copia,
2440 2438 2509 2500 et
2548 2454 2665 2500 suo

323 2534 632 2597 imitandi
659 2534 874 2598 studio
902 2534 1305 2612 frequentior
1333 2536 1505 2598 esset
1531 2551 1743 2597 casus.
1785 2536 1957 2598 Hinc
1982 2535 2276 2599 veterum
2320 2535 2660 2599 auctorum

321 2632 496 2695 locos
538 2633 604 2695 et
642 2633 931 2706 nomina,
973 2633 1208 2710 quibus
1249 2635 1472 2695 omnia
1513 2649 1636 2695 sua
1684 2635 2074 2712 praesertim
2130 2634 2662 2698 saturnaliorum

324 2731 525 2794 libros
569 2731 864 2805 adauxit,
928 2747 1013 2791 ex
1073 2731 1477 2794 eruditorum
1521 2732 1715 2811 atque
1765 2732 2344 2810 grammaticorum
2398 2733 2661 2795 serioris

328 2829 572 2891 aetatis
615 2828 875 2907 scriptis
938 2829 1341 2906 potissimum
1392 2830 1729 2908 decerpsit,
1781 2831 2011 2893 iisdem
2071 2830 2288 2893 verbis
2352 2831 2469 2895 aut
2524 2830 2662 2893 fere

325 2928 554 2989 iisdem
594 2929 970 3007 plerumque
1031 2946 1206 3002 usus,
1250 2929 1481 3007 quibus
1525 2930 1593 2992 et
1631 2930 1701 2992 hi
1742 2929 1849 2989 usi
1889 2928 2173 2992 fuerant.
2213 2929 2662 3007 Unusquisque

324 3025 501 3086 enim
544 3042 628 3086 ex
654 3026 1181 3105 colloquentibuS,
1211 3043 1368 3105 quos
1396 3027 1468 3088 in
1495 3027 1862 3105 praedictos
1903 3027 2435 3090 saturnaliorum
2464 3026 2659 3087 libros

324 3123 606 3197 induxit,
650 3123 861 3187 locum
907 3125 1186 3202 aliquem
1227 3126 1488 3189 videtur
1547 3127 1833 3193 recitare
1877 3127 2139 3189 aliunde
2207 3128 2534 3204 sumptum
2583 3141 2661 3186 ac

322 3222 685 3285 memoriae
747 3222 1086 3286 traditum.
1130 3225 1412 3301 -Ideoque
1466 3241 1625 3303 opus
1650 3226 1841 3289 istud
1887 3225 2120 3288 alienis
2160 3226 2385 3303 opibus
2425 3225 2665 3288 confia-

322 3323 470 3386 tum
513 3323 728 3385 simile
769 3322 843 3384 fit
883 3323 1139 3401 integro
1181 3325 1404 3387 multis
1448 3325 1706 3402 quidem
1766 3324 2009 3403 lapillis
2070 3325 2405 3388 constanti
2468 3325 2659 3403 atque

320 3422 651 3484 unitatem
713 3422 1045 3499 quandam
1107 3423 1466 3496 simulanti,
1527 3423 1635 3485 sed
1696 3424 1816 3484 uni
1869 3423 2120 3486 formae
2179 3423 2352 3485 male
2393 3423 2659 3486 reddito.

323 3525 461 3584 Hoc
522 3521 734 3598 ipsum
794 3536 1037 3599 quoque
1081 3521 1384 3598 arguitur
1426 3538 1510 3583 ex
1548 3522 1814 3599 linguae
1876 3522 2214 3600 inaequali
2277 3539 2403 3584 usu
2467 3522 2661 3600 atque

323 3620 461 3681 stili
502 3620 974 3697 discrepantia:
1017 3636 1213 3698 quam
1254 3637 1395 3682 rem
1422 3622 1708 3683 maiores
1735 3620 2209 3698 nostri·parum
2253 3620 2664 3683 animadver-

322 3718 556 3795 tenteS,
583 3719 1082 3782 Macrobianam
1119 3736 1276 3782 vero
1316 3722 1568 3798 copiam
1610 3720 1681 3783 et
1720 3720 2085 3782 doctrinam
2127 3719 2270 3798 plus
2315 3737 2520 3798 aequo
2550 3720 2663 3781 ad-

325 3816 573 3893 mirati,
615 3818 835 3879 virum
863 3818 1304 3880 clarissimum
1335 3818 1403 3882 et
1427 3818 1773 3896 illustrem,
1816 3835 1949 3881 non
1985 3819 2170 3881 modo
2186 3835 2314 3896 pro
2341 3816 2661 3895 dignitate

321 3929 453 3992 qua
480 3913 740 3978 functus
779 3916 896 3993 est,
926 3932 1156 3978 verum
1201 3916 1403 3979 etiam
1432 3934 1549 3994 pro
1589 3917 1690 3980 tot
1715 3933 1935 3979 rerum
1979 3917 2260 3979 scientia
2288 3932 2475 4025 quam
2504 3930 2659 3992 prae

320 4028 393 4073 se
434 4011 566 4074 fert
605 4012 931 4089 calluisse,
974 4014 1349 4078 laudatores
1392 4015 1624 4077 faciles
1671 4014 2103 4094 appellarunt.

401 4109 765 4186 Scriptores
804 4128 1026 4175 omnes
1067 4115 1382 4188 invenire,
1426 4130 1462 4175 e
1503 4115 1731 4192 quibus
1772 4115 1882 4176 hic
1910 4115 2250 4192 tamquam
2291 4130 2328 4175 e
2368 4113 2656 4176 fontibus

317 4208 567 4270 cuncta
593 4223 717 4270 sua
749 4196 1091 4289 derivavit,
1121 4212 1563 4274 difficillimum
1587 4228 1746 4274 sane
1775 4211 1893 4289 est,
1915 4229 2113 4290 quum
2134 4211 2422 4289 plerique
2450 4228 2536 4273 ex
2563 4211 2658 4274 eis

325 4307 437 4386 qui
477 4309 815 4370 Romanas
859 4309 1286 4388 antiquitates
1329 4310 1851 4385 declaraverant,
1881 4328 1995 4373 seu
2039 4311 2180 4374 alia
2213 4310 2281 4372 id
2321 4325 2525 4387 genus
2557 4327 2663 4373 ar-

320 4404 640 4483 gumenta
681 4407 1010 4483 persecuti
1051 4409 1265 4487 erant,
1309 4409 1573 4472 nomine
1613 4409 1879 4473 tantum
1919 4414 2051 4473 non
2091 4407 2440 4486 deperditis
2459 4395 2690 4470 'libris'

317 4504 509 4566 nobis
550 4504 984 4569 innotuerint.
1027 4506 1209 4570 Inter
1243 4498 1354 4571 eos
1397 4508 1619 4571 autem
1647 4524 1920 4587 quorum
1960 4507 2260 4585 operibus
2299 4522 2477 4569 nunc
2502 4505 2664 4569 frui·
2767 4544 2772 4551 ·
